@article{khovanova2013skyscraper,
  title={Skyscraper numbers},
  author={Khovanova, Tanya and Lewis, Joel Brewster},
  journal={Journal of Integer Sequences},
  volume={16},
  number={13.7.2},
  year={2016}
}

@inproceedings{Johansson2019,
  doi = {10.1109/arith.2019.00012},
  url = {https://doi.org/10.1109/arith.2019.00012},
  year = {2019},
  month = jun,
  publisher = {{IEEE}},
  author = {Fredrik Johansson},
  title = {Faster Arbitrary-Precision Dot Product and Matrix Multiplication},
  booktitle = {2019 {IEEE} 26th Symposium on Computer Arithmetic ({ARITH})}
}

@misc{Yee2021,
  title={y-cruncher - A Multi-Threaded Pi-Program},
  author={Alexander J. Yee},
  year={2021},
  howpublished={\url{http://www.numberworld.org/y-cruncher/}},
}

@article{Salamin1976,
  doi = {10.2307/2005327},
  url = {https://doi.org/10.2307/2005327},
  year = {1976},
  month = jul,
  publisher = {{JSTOR}},
  volume = {30},
  number = {135},
  pages = {565},
  author = {Eugene Salamin},
  title = {Computation of $pi$ Using Arithmetic-Geometric Mean},
  journal = {Mathematics of Computation}
}

@incollection{brent1976multiple,
  title={Multiple-precision zero-finding methods and the complexity of elementary function evaluation},
  author={Brent, Richard P},
  booktitle={Analytic computational complexity},
  pages={151--176},
  year={1976},
  publisher={Elsevier}
}

@article{Bourguet1883,
  doi = {10.1007/bf02612162},
  url = {https://doi.org/10.1007/bf02612162},
  year = {1883},
  publisher = {International Press of Boston},
  volume = {2},
  number = {0},
  pages = {261--295},
  author = {L. Bourguet},
  title = {Sur les int{\'{e}}grales eul{\'{e}}riennes et quelques autres fonctions uniformes},
  journal = {Acta Mathematica}
}

@article{Macleod1989,
  doi = {10.2307/2348078},
  url = {https://doi.org/10.2307/2348078},
  year = {1989},
  publisher = {{JSTOR}},
  volume = {38},
  number = {2},
  pages = {397},
  author = {Allan J. Macleod},
  title = {Algorithm {AS} 245: A Robust and Reliable Algorithm for the Logarithm of the Gamma Function},
  journal = {Applied Statistics}
}

@article{Kuki1972,
  doi = {10.1145/361284.361296},
  url = {https://doi.org/10.1145/361284.361296},
  year = {1972},
  month = apr,
  publisher = {Association for Computing Machinery ({ACM})},
  volume = {15},
  number = {4},
  pages = {262--267},
  author = {Hirondo Kuki},
  title = {Complex gamma function with error control},
  journal = {Communications of the {ACM}}
}

@article{Fransen1980,
  doi = {10.1090/s0025-5718-1980-0559204-5},
  url = {https://doi.org/10.1090/s0025-5718-1980-0559204-5},
  year = {1980},
  month = may,
  publisher = {American Mathematical Society ({AMS})},
  volume = {34},
  number = {150},
  pages = {553--553},
  author = {Arne Frans\'{e}n and Staffan Wrigge},
  title = {High-precision values of the gamma function and of some related coefficients},
  journal = {Mathematics of Computation}
}

@article{Filho1967,
  doi = {10.1145/363534.363561},
  url = {https://doi.org/10.1145/363534.363561},
  year = {1967},
  month = aug,
  publisher = {Association for Computing Machinery ({ACM})},
  volume = {10},
  number = {8},
  pages = {511--512},
  author = {Antonino Machado Souza Filho and Georges Schwachheim},
  title = {Algorithm 309: Gamma function with arbitrary precision},
  journal = {Communications of the {ACM}}
}

@article{Cody1991,
  doi = {10.1145/103147.103153},
  url = {https://doi.org/10.1145/103147.103153},
  year = {1991},
  month = mar,
  publisher = {Association for Computing Machinery ({ACM})},
  volume = {17},
  number = {1},
  pages = {46--54},
  author = {W. J. Cody},
  title = {Performance evaluation of programs related to the real gamma function},
  journal = {{ACM} Transactions on Mathematical Software}
}

@article{Corless2019,
  doi = {10.1080/10586458.2019.1593898},
  url = {https://doi.org/10.1080/10586458.2019.1593898},
  year = {2019},
  month = apr,
  publisher = {Informa {UK} Limited},
  pages = {1--8},
  author = {Robert M. Corless and Leili Rafiee Sevyeri},
  title = {Stirling's Original Asymptotic Series from a Formula Like One of {B}inet's and its Evaluation by Sequence Acceleration},
  journal = {Experimental Mathematics}
}

@article{Wang2016,
  doi = {10.1016/j.jnt.2015.12.016},
  url = {https://doi.org/10.1016/j.jnt.2015.12.016},
  year = {2016},
  month = jun,
  publisher = {Elsevier {BV}},
  volume = {163},
  pages = {570--595},
  author = {Weiping Wang},
  title = {Unified approaches to the approximations of the gamma function},
  journal = {Journal of Number Theory}
}

@book{cuyt2008handbook,
  title={Handbook of continued fractions for special functions},
  author={Cuyt, Annie AM and Petersen, Vigdis and Verdonk, Brigitte and Waadeland, Haakon and Jones, William B},
  year={2008},
  publisher={Springer}
}

@article{Char1980,
  doi = {10.1090/s0025-5718-1980-0559203-3},
  url = {https://doi.org/10.1090/s0025-5718-1980-0559203-3},
  year = {1980},
  month = may,
  publisher = {American Mathematical Society ({AMS})},
  volume = {34},
  number = {150},
  pages = {547--547},
  author = {Bruce W. Char},
  title = {On {S}tieltjes' continued fraction for the gamma function},
  journal = {Mathematics of Computation}
}

@misc{paris2014comments,
      title={Comments on ``Exactification of {S}tirling's approximation for the logarithm of the gamma function''}, 
      author={R B Paris},
      year={2014},
      howpublished={\url{https://arxiv.org/abs/1406.1320}},
}

@article{Paris1992,
  doi = {10.1016/0377-0427(92)90243-q},
  url = {https://doi.org/10.1016/0377-0427(92)90243-q},
  year = {1992},
  month = aug,
  publisher = {Elsevier {BV}},
  volume = {41},
  number = {1-2},
  pages = {135--143},
  author = {R.B. Paris and A.D. Wood},
  title = {Exponentially-improved asymptotics for the gamma function},
  journal = {Journal of Computational and Applied Mathematics}
}

@article{Nesterenko1996,
  doi = {10.1070/sm1996v187n09abeh000158},
  url = {https://doi.org/10.1070/sm1996v187n09abeh000158},
  year = {1996},
  month = oct,
  publisher = {{IOP} Publishing},
  volume = {187},
  number = {9},
  pages = {1319--1348},
  author = {Yu V Nesterenko},
  title = {Modular functions and transcendence questions},
  journal = {Sbornik: Mathematics}
}

@article{Nogneng2017,
  doi = {10.1090/mcom/3231},
  url = {https://doi.org/10.1090/mcom/3231},
  year = {2017},
  month = sep,
  publisher = {American Mathematical Society ({AMS})},
  volume = {87},
  number = {310},
  pages = {893--904},
  author = {Dorian Nogneng and {\'{E}}ric Schost},
  title = {On the evaluation of some sparse polynomials},
  journal = {Mathematics of Computation}
}

@article{enge2018short,
  title={Short Addition Sequences for Theta Functions},
  author={Enge, Andreas and Hart, William and Johansson, Fredrik},
  journal={Journal of Integer Sequences},
  volume={21},
  number={2},
  pages={3},
  year={2018}
}

@article{Yi2004,
  doi = {10.1016/j.jmaa.2003.12.009},
  url = {https://doi.org/10.1016/j.jmaa.2003.12.009},
  year = {2004},
  month = apr,
  publisher = {Elsevier {BV}},
  volume = {292},
  number = {2},
  pages = {381--400},
  author = {Jinhee Yi},
  title = {Theta-function identities and the explicit formulas for theta-function and their applications},
  journal = {Journal of Mathematical Analysis and Applications}
}

@misc{brown2009algorithm,
  title={An algorithm for the derivation of rapidly converging infinite series for universal mathematical constants},
  author={Brown, C. H.},
  howpublished={\url{http://www.iamned.com/math/}},
  year={2009}
}

@article{vidunas2005expressions,
  title={Expressions for values of the gamma function},
  author={Vidunas, Raimundas},
  journal={Kyushu Journal of Mathematics},
  volume={59},
  number={2},
  pages={267--283},
  year={2005},
  publisher={Faculty of Mathematics, Kyushu University}
}


@article{chowla1967,
  author = {Chowla, Sarvadaman and Selberg, Atle},
  doi = {10.1515/crll.1967.227.86},
  url = {https://doi.org/10.1515/crll.1967.227.86},
  year = {1967},
  month = jul,
  publisher = {Walter de Gruyter {GmbH}},
  volume = {1967},
  number = {227},
  pages = {86--110},
  title = {On {E}pstein's {Z}eta-function.},
  journal = {Journal f\"{u}r die reine und angewandte Mathematik}
}

@misc{flint2021,
    author = {{FLINT developers}},
    title = {{FLINT}: {F}ast {L}ibrary for {N}umber {T}heory},
    year = {2021},
    note = {Version 2.8.0, \url{http://flintlib.org}}
}

@article{Nemes2010,
  doi = {10.1007/s00013-010-0146-9},
  url = {https://doi.org/10.1007/s00013-010-0146-9},
  year = {2010},
  month = jun,
  publisher = {Springer Science and Business Media {LLC}},
  volume = {95},
  number = {2},
  pages = {161--169},
  author = {Gerg{\H{o}} Nemes},
  title = {New asymptotic expansion for the Gamma function},
  journal = {Archiv der Mathematik}
}

@article{Mortici2014,
  doi = {10.1007/s11139-014-9589-0},
  url = {https://doi.org/10.1007/s11139-014-9589-0},
  year = {2014},
  month = jul,
  publisher = {Springer Science and Business Media {LLC}},
  volume = {38},
  number = {3},
  pages = {549--559},
  author = {Cristinel Mortici},
  title = {A new fast asymptotic series for the gamma function},
  journal = {The Ramanujan Journal}
}

@article{Chen2016,
  doi = {10.1016/j.jnt.2015.11.007},
  url = {https://doi.org/10.1016/j.jnt.2015.11.007},
  year = {2016},
  month = jul,
  publisher = {Elsevier {BV}},
  volume = {164},
  pages = {417--428},
  author = {Chao-Ping Chen},
  title = {A more accurate approximation for the gamma function},
  journal = {Journal of Number Theory}
}

@article{Boyd1994,
  doi = {10.1098/rspa.1994.0158},
  url = {https://doi.org/10.1098/rspa.1994.0158},
  year = {1994},
  month = dec,
  publisher = {The Royal Society},
  volume = {447},
  number = {1931},
  pages = {609--630},
  author = {W. G. C Boyd},
  title = {Gamma function asymptotics by an extension of the method of steepest descents},
  journal = {Proceedings of the Royal Society of London. Series A: Mathematical and Physical Sciences}
}

@misc{morris2020tweaking,
  title={Tweaking {R}amanujan's Approximation of n!},
  author={Morris, Sidney A},
  howpublished={\url{https://arxiv.org/abs/2010.15512}},
  year={2020}
}

@misc{luschny2016,
  title={Approximation Formulas for the Factorial Function n!},
  author={Peter Luschny},
  howpublished={\url{http://www.luschny.de/math/factorial/approx/SimpleCases.html}},
  year={2016},
}

@misc{boost2021,
  title={The {L}anczos Approximation -- {B}oost {C++} libraries},
  author={Nikhar Agrawal, Anton Bikineev, Matthew Borland, Paul A. Bristow, Marco Guazzone, Christopher Kormanyos, Hubert Holin, Bruno Lalande, John Maddock, Evan Miller, Jeremy Murphy, Matthew Pulver, Johan Råde, Gautam Sewani, Benjamin Sobotta, Nicholas Thompson, Thijs van den Berg, Daryle Walker and Xiaogang Zhang},
  year={2021},
  howpublished={\url{https://www.boost.org/doc/libs/1_77_0/libs/math/doc/html/math_toolkit/lanczos.html}}},
}

@misc{press1989numerical,
  title={Numerical recipes},
  author={Press, William H and Flannery, Brian P and Teukolsky, Saul A and Vetterling, William T and others},
  year={1989},
  publisher={Cambridge university press}
}


@misc{causley2021gamma,
  title={The Gamma Function via Interpolation}, 
  author={Matthew F Causley},
  year={2021},
  howpublished={\url{https://arxiv.org/abs/2104.00697}},
}

@book{luke1969special,
  title={Special Functions and Their Approximations: vol. 1},
  author={Luke, Yudell L},
  year={1969},
  publisher={Academic press}
}

@article{binet1839memoire,
  title={M{\'e}moire sur les int{\'e}grales d{\'e}finies eul{\'e}riennes et sur leur application {\`a} la th{\'e}orie des suites ainsi qu'{\`a} l'{\'e}valuation des fonctions des grands nombres},
  author={Binet, Jacques Philippe Marie},
  year={1839},
  journal={Journal de l'\'{E}cole Polytechnique},
  number={XVI},
  pages={123--343},
}

@article{Barata2011,
  doi = {10.1007/s13538-011-0005-6},
  url = {https://doi.org/10.1007/s13538-011-0005-6},
  year = {2011},
  month = apr,
  publisher = {Springer Science and Business Media {LLC}},
  volume = {41},
  number = {1},
  pages = {50--58},
  author = {J. C. A. Barata and L. F. Canto and M. S. Hussein},
  title = {New Asymptotic Formulae for the Point {C}oulomb Phase Shift},
  journal = {Brazilian Journal of Physics}
}

@article{stieltjes1889developpement,
  title={Sur le d{\'e}veloppement de {$\log \Gamma(a)$}},
  author={Stieltjes, T-J},
  journal={Journal de Math{\'e}matiques pures et appliqu{\'e}es},
  volume={5},
  pages={425--466},
  year={1889}
}


@misc{schumacher2016rapidly,
      title={Rapidly Convergent Summation Formulas involving {S}tirling Series}, 
      author={Raphael Schumacher},
      year={2016},
      howpublished={\url{https://arxiv.org/abs/1602.00336}},
}

@misc{vanmieghem2021binets,
      title={Binet's factorial series and extensions to {L}aplace transforms}, 
      author={P. Van Mieghem},
      year={2021},
      howpublished={\url{https://arxiv.org/abs/2102.04891}},
}

@misc{enwiki:1040737805,
author = "{Wikipedia contributors}",
title = "Stirling's approximation --- {Wikipedia}{,} The Free Encyclopedia",
year = "2021",
howpublished = "\url{https://en.wikipedia.org/w/index.php?title=Stirling%27s_approximation&oldid=1040737805}",
note = "[Online; accessed 9-September-2021]"
}

@article{Blagouchine2016,
  doi = {10.1016/j.jmaa.2016.04.032},
  url = {https://doi.org/10.1016/j.jmaa.2016.04.032},
  year = {2016},
  month = oct,
  publisher = {Elsevier {BV}},
  volume = {442},
  number = {2},
  pages = {404--434},
  author = {Iaroslav V. Blagouchine},
  title = {Two series expansions for the logarithm of the gamma function involving Stirling numbers and containing only rational coefficients for certain arguments related to ${\pi}^{-1}$},
  journal = {Journal of Mathematical Analysis and Applications}
}

@article{Harvey2021,
  doi = {10.4007/annals.2021.193.2.4},
  url = {https://doi.org/10.4007/annals.2021.193.2.4},
  year = {2021},
  publisher = {Annals of Mathematics},
  volume = {193},
  number = {2},
  pages = {563},
  author = {David Harvey and Joris van der Hoeven},
  title = {Integer multiplication in time $O(n \log n)$)},
  journal = {Annals of Mathematics}
}

@article{brent2007error,
  title={Error bounds on complex floating-point multiplication},
  author={Brent, Richard and Percival, Colin and Zimmermann, Paul},
  journal={Mathematics of Computation},
  volume={76},
  number={259},
  pages={1469--1481},
  year={2007}
}

@article{Cody1993,
  doi = {10.1145/151271.151273},
  url = {https://doi.org/10.1145/151271.151273},
  year = {1993},
  month = mar,
  publisher = {Association for Computing Machinery ({ACM})},
  volume = {19},
  number = {1},
  pages = {22--30},
  author = {W. J. Cody},
  title = {Algorithm 715: {SPECFUN}{\textendash}a portable {FORTRAN} package of special function routines and test drivers},
  journal = {{ACM} Transactions on Mathematical Software}
}

@article{Brent1976,
  doi = {10.1145/321941.321944},
  url = {https://doi.org/10.1145/321941.321944},
  year = {1976},
  month = apr,
  publisher = {Association for Computing Machinery ({ACM})},
  volume = {23},
  number = {2},
  pages = {242--251},
  author = {Richard P. Brent},
  title = {Fast Multiple-Precision Evaluation of Elementary Functions},
  journal = {Journal of the {ACM}}
}

@article{McCullagh1981,
  doi = {10.1090/s0025-5718-1981-0595057-8},
  url = {https://doi.org/10.1090/s0025-5718-1981-0595057-8},
  year = {1981},
  month = jan,
  publisher = {American Mathematical Society ({AMS})},
  volume = {36},
  number = {153},
  pages = {247--247},
  author = {Peter McCullagh},
  title = {A rapidly convergent series for computing $\psi(z)$ and its derivatives},
  journal = {Mathematics of Computation}
}

@book{beebe2017mathematical,
  title={The mathematical-function computation handbook},
  author={Beebe, Nelson HF},
  year={2017},
  publisher={Springer}
}


@article{Rice1964,
  doi = {10.2307/2002947},
  url = {https://doi.org/10.2307/2002947},
  year = {1964},
  month = oct,
  publisher = {{JSTOR}},
  volume = {18},
  number = {88},
  pages = {617},
  author = {John R. Rice},
  title = {On the {$L_{\infty}$} {W}alsh Arrays for {$\Gamma(x)$} and $\operatorname{Erfc}(x)$},
  journal = {Mathematics of Computation}
}

@article{Wrench1968,
  doi = {10.1090/s0025-5718-1968-0237078-4},
  url = {https://doi.org/10.1090/s0025-5718-1968-0237078-4},
  year = {1968},
  month = sep,
  publisher = {American Mathematical Society ({AMS})},
  volume = {22},
  number = {103},
  pages = {617--617},
  author = {John W. Wrench},
  title = {Concerning two series for the gamma function},
  journal = {Mathematics of Computation}
}

@book{trefethen2019approximation,
  title={{Approximation Theory and Approximation Practice}},
  author={Trefethen, Lloyd N.},
  year={2019},
  publisher={SIAM}
}

@misc{OpenLibm2021,
  author = {{OpenLibm authors}},
  year = {2021},
  title = {{OpenLibm} version 0.7.4}
  howpublished = {\url{https://openlibm.org/}},
}

@unpublished{Zimmermann2021,
  TITLE = {Accuracy of Mathematical Functions in Single, Double, Extended Double and Quadruple Precision},
  AUTHOR = {Zimmermann, Paul},
  URL = {https://hal.inria.fr/hal-03141101},
  NOTE = {working paper or preprint},
  YEAR = {2021},
  MONTH = Feb,
  PDF = {https://hal.inria.fr/hal-03141101/file/accuracy.pdf},
  HAL_ID = {hal-03141101},
  HAL_VERSION = {v1},
}

@article{Klbig1972,
  doi = {10.1016/0010-4655(72)90012-4},
  url = {https://doi.org/10.1016/0010-4655(72)90012-4},
  year = {1972},
  month = nov,
  publisher = {Elsevier {BV}},
  volume = {4},
  number = {2},
  pages = {221--226},
  author = {K.S. K{\"o}lbig},
  title = {Programs for computing the logarithm of the gamma function,  and the digamma function,  for complex argument},
  journal = {Computer Physics Communications}
}

@unpublished{brisebarre2021,
  TITLE = {{Integer points close to a transcendental curve and correctly-rounded evaluation of a function}},
  AUTHOR = {Brisebarre, Nicolas and Hanrot, Guillaume},
  URL = {https://hal.archives-ouvertes.fr/hal-03240179},
  NOTE = {working paper or preprint},
  YEAR = {2021},
  MONTH = May,
  PDF = {https://hal.archives-ouvertes.fr/hal-03240179/file/tmd-hal.pdf},
  HAL_ID = {hal-03240179},
  HAL_VERSION = {v1},
}


@article{Ziv1991,
  doi = {10.1145/114697.116813},
  url = {https://doi.org/10.1145/114697.116813},
  year = {1991},
  month = sep,
  publisher = {Association for Computing Machinery ({ACM})},
  volume = {17},
  number = {3},
  pages = {410--423},
  author = {Abraham Ziv},
  title = {Fast evaluation of elementary mathematical functions with correctly rounded last bit},
  journal = {{ACM} Transactions on Mathematical Software}
}

@book{WhittakerWatson1920,
  author = {E. T. Whittaker and G. N. Watson},
  title = {A Course of Modern Analysis},
  edition = {3rd ed.},
  published = {Cambridge University Press},
  year = {1920},
}

@book{behnke1962theorie,
  title={Theorie der analytischen {F}unktionen einer komplexen {V}er{\"a}nderlichen},
  author={Behnke, Heinrich and Sommer, Friedrich},
  year={1962},
  publisher={Springer-Verlag}
}

@article{Spira1971,
  doi = {10.1090/s0025-5718-1971-0295539-6},
  url = {https://doi.org/10.1090/s0025-5718-1971-0295539-6},
  year = {1971},
  month = may,
  publisher = {American Mathematical Society ({AMS})},
  volume = {25},
  number = {114},
  pages = {317--317},
  author = {Robert Spira},
  title = {Calculation of the gamma function by {S}tirling's formula},
  journal = {Mathematics of Computation}
}

@article{Brent2018,
  doi = {10.1017/s1446788718000393},
  url = {https://doi.org/10.1017/s1446788718000393},
  year = {2018},
  month = dec,
  publisher = {Cambridge University Press ({CUP})},
  volume = {107},
  number = {3},
  pages = {319--337},
  author = {Richard P. Brent},
  title = {On the accuracy of asymptotic approximations to the log-{Gamma} and {Riemann}-{Siegel} theta functions},
  journal = {Journal of the Australian Mathematical Society}
}

@misc{JohanssonBlagouchine2018stieltjes,
  author = {F. Johansson and I. V. Blagouchine},
  title = {Computing {S}tieltjes constants using complex integration},
  year = {2018},
  note = {\url{https://arxiv.org/abs/1804.01679}},
}

@book{gil2007numerical,
  title={Numerical methods for special functions},
  author={Gil, Amparo and Segura, Javier and Temme, Nico M},
  year={2007},
  publisher={SIAM}
}


@article{Nemes2015,
  doi = {10.1017/s0308210513001558},
  url = {https://doi.org/10.1017/s0308210513001558},
  year = {2015},
  month = jun,
  publisher = {Cambridge University Press ({CUP})},
  volume = {145},
  number = {3},
  pages = {571--596},
  author = {Gerg{\H{o}} Nemes},
  title = {Error bounds and exponential improvements for the asymptotic expansions of the gamma function and its reciprocal},
  journal = {Proceedings of the Royal Society of Edinburgh: Section A Mathematics}
}

@book{villegas2007experimental,
  title={Experimental number theory},
  author={Villegas, Fernando Rodriguez},
  year={2007},
  publisher={Oxford University Press}
}
%  number={13},


@article{Miyajima2020,
  doi = {10.1080/03081087.2020.1757602},
  url = {https://doi.org/10.1080/03081087.2020.1757602},
  year = {2020},
  month = may,
  publisher = {Informa {UK} Limited},
  pages = {1--23},
  author = {Shinya Miyajima},
  title = {Verified computation of matrix gamma function},
  journal = {Linear and Multilinear Algebra}
}

@article{Cardoso2019,
  doi = {10.1007/s10543-018-00744-1},
  url = {https://doi.org/10.1007/s10543-018-00744-1},
  year = {2019},
  month = jan,
  publisher = {Springer Science and Business Media {LLC}},
  volume = {59},
  number = {2},
  pages = {343--370},
  author = {Jo{\~{a}}o R. Cardoso and Amir Sadeghi},
  title = {Computation of matrix gamma function},
  journal = {{BIT} Numerical Mathematics}
}

@misc{perez2020notes,
  title={Notes on the historical bibliography of the gamma function},
  author={P{\'e}rez-Marco, Ricardo},
  howpublished={\url{https://arxiv.org/abs/2011.12140}},
  year={2020}
}

@book{hastings1955approximations,
  title={Approximations for Digital Computers},
  author={Hastings, Cecil},
  year={1955},
  publisher={Princeton University Press}
}

@misc{laurie2005,
  title = {Old and new ways of computing the gamma function},
  author = {Dirk Laurie},
  year = {2005},
  howpublished = {\url{https://medialibrary.uantwerpen.be/oldcontent/container2652/files/workshops/icnaam-2005/laurie.pdf}},
}

@book{potter2014,
  title = {Arbitrary Precision Calculation of Selected Higher Functions},
  author = {R. W. Potter},
  year = {2014},
  publisher = {Lulu.com},
  address = {San Bernardino, CA},
}

@misc{bailey2021,
  title = {{MPFUN2020}: A new thread-safe arbitrary precision package},
  author = {David H. Bailey},
  year = {2021},
  howpublished = {\url{https://www.davidhbailey.com/dhbpapers/mpfun2020.pdf}},
}

@article{Brent1978,
  doi = {10.1145/355769.355775},
  url = {https://doi.org/10.1145/355769.355775},
  year = {1978},
  month = mar,
  publisher = {Association for Computing Machinery ({ACM})},
  volume = {4},
  number = {1},
  pages = {57--70},
  author = {Richard P. Brent},
  title = {A {Fortran} Multiple-Precision Arithmetic Package},
  journal = {{ACM} Transactions on Mathematical Software}
}

@article{ekhad2004forty,
  title={Forty ``strange'' computer-discovered [and computer-proved (of course!)] hypergeometric series evaluations},
  author={Shalosh B. Ekhad},
  journal={Personal Journal of Shalosh B. Ekhad and Doron Zeilberger, \url{https://sites.math.rutgers.edu/~zeilberg/mamarim/mamarimhtml/strange.html}},
  year={2004}
}

@misc{smith2006gamma,
  title={The gamma function revisited},
  author={Smith, Warren D},
  year={2006},
  howpublished={\url{https://www.rangevoting.org/WarrenSmithPages/homepage/gammprox.pdf}},
}

@article{Corless1996,
  doi = {10.1007/bf02124750},
  url = {https://doi.org/10.1007/bf02124750},
  year = {1996},
  month = dec,
  publisher = {Springer Science and Business Media {LLC}},
  volume = {5},
  number = {1},
  pages = {329--359},
  author = {R. M. Corless and G. H. Gonnet and D. E. G. Hare and D. J. Jeffrey and D. E. Knuth},
  title = {On the {Lambert} {W} function},
  journal = {Advances in Computational Mathematics}
}

@article{holder1886ueber,
  title={Ueber die {E}igenschaft der {G}ammafunction keiner algebraischen {D}ifferentialgleichung zu gen{\"u}gen},
  author={H{\"o}lder, Otto},
  journal={Mathematische Annalen},
  volume={28},
  number={1},
  pages={1--13},
  year={1886},
  publisher={Springer}
}

@article{Harvey2010,
  doi = {10.1090/s0025-5718-2010-02367-1},
  url = {https://doi.org/10.1090/s0025-5718-2010-02367-1},
  year = {2010},
  publisher = {American Mathematical Society ({AMS})},
  volume = {79},
  number = {272},
  pages = {2361--2361},
  author = {David Harvey},
  title = {A multimodular algorithm for computing {B}ernoulli numbers},
  journal = {Mathematics of Computation}
}

@article{Chowla1972,
  doi = {10.4064/aa-22-1-113-115},
  url = {https://doi.org/10.4064/aa-22-1-113-115},
  year = {1972},
  publisher = {Institute of Mathematics,  Polish Academy of Sciences},
  volume = {22},
  number = {1},
  pages = {113--115},
  author = {S. Chowla and P. Hartung},
  title = {An ``exact'' formula for the m-th {B}ernoulli number},
  journal = {Acta Arithmetica}
}

@misc{Bloemen2009,
  author = {Remco Bloemen},
  title={Even faster $\zeta(2n)$ calculation!},
  year={2009},
  howpublished={\url{https://xn--2-umb.com/09/11/even-faster-zeta-calculation/}},
}


@incollection{Brent2013,
  doi = {10.1007/978-1-4614-7621-4_8},
  url = {https://doi.org/10.1007/978-1-4614-7621-4_8},
  year = {2013},
  publisher = {Springer New York},
  pages = {127--142},
  author = {Richard P. Brent and David Harvey},
  title = {Fast Computation of {B}ernoulli,  Tangent and Secant Numbers},
  booktitle = {Computational and Analytical Mathematics}
}

@misc{sebah2002introduction,
  title={Introduction to the gamma function},
  author={Sebah, Pascal and Gourdon, Xavier},
  year={2002},
  howpublished={\url{http://numbers.computation.free.fr/Constants/constants.html} },
}


@book{artin2015gamma,
  title={The gamma function},
  author={Artin, Emil},
  year={2015},
  publisher={Courier Dover Publications}
}


@article{Luke1970,
  doi = {10.1137/0501024},
  url = {https://doi.org/10.1137/0501024},
  year = {1970},
  month = may,
  publisher = {Society for Industrial \& Applied Mathematics ({SIAM})},
  volume = {1},
  number = {2},
  pages = {266--281},
  author = {Yudell L. Luke},
  title = {Evaluation of the Gamma Function by Means of {P}ad{\'{e}} Approximations},
  journal = {{SIAM} Journal on Mathematical Analysis}
}


@book{jahnke1945tables,
  title={Tables of functions with formulae and curves},
  author={Jahnke, Eugen and Emde, Fritz and others},
  year={1945},
  publisher={Dover publications}
}

@book{jahnke1909funktionentafeln,
  title={Funktionentafeln mit {F}ormeln und {K}urven},
  author={Jahnke, Eugen and Emde, Fritz},
  volume={5},
  year={1909},
  publisher={BG Teubner}
}

@book{van1984calculation,
  title={Calculation of special functions: the gamma function, the exponential integrals and error-like functions},
  author={Van der Laan, CG and Temme, Nico M},
  year={1984},
  publisher={Centrum voor wiskunde en informatica}
}


@phdthesis{pugh2004analysis,
  title={An analysis of the {L}anczos gamma approximation},
  author={Pugh, Glendon Ralph},
  year={2004},
  school={University of British Columbia}
}

@article{Cody1967,
  doi = {10.1090/s0025-5718-67-99635-4},
  url = {https://doi.org/10.1090/s0025-5718-67-99635-4},
  year = {1967},
  month = may,
  publisher = {American Mathematical Society ({AMS})},
  volume = {21},
  number = {98},
  pages = {198--198},
  author = {W. J. Cody and K. E. Hillstrom},
  title = {Chebyshev approximations for the natural logarithm of the Gamma function},
  journal = {Mathematics of Computation}
}

@article{Hare1997,
  doi = {10.1006/jagm.1997.0881},
  url = {https://doi.org/10.1006/jagm.1997.0881},
  year = {1997},
  month = nov,
  publisher = {Elsevier {BV}},
  volume = {25},
  number = {2},
  pages = {221--236},
  author = {D.E.G Hare},
  title = {Computing the Principal Branch of log-Gamma},
  journal = {Journal of Algorithms}
}

@article{Smith2001,
  doi = {10.1145/504210.504211},
  url = {https://doi.org/10.1145/504210.504211},
  year = {2001},
  month = dec,
  publisher = {Association for Computing Machinery ({ACM})},
  volume = {27},
  number = {4},
  pages = {377--387},
  author = {David M. Smith},
  title = {Algorithm 814: {F}ortran 90 Software for Floating-Point Multiple Precision Arithmetic, Gamma and Related Functions},
  journal = {{ACM} Transactions on Mathematical Software}
}
%  url = {http://myweb.lmu.edu/dmsmith/toms2001.pdf}

@article{Ng1975,
  doi = {10.1145/355626.355635},
  url = {https://doi.org/10.1145/355626.355635},
  year = {1975},
  month = mar,
  publisher = {Association for Computing Machinery ({ACM})},
  volume = {1},
  number = {1},
  pages = {56--70},
  author = {Edward W. Ng},
  title = {A Comparison of Computational Methods and Algorithms for the Complex Gamma Function},
  journal = {{ACM} Transactions on Mathematical Software}
}

@misc{fekihahmed2017power,
      title={On the Power Series Expansion of the Reciprocal Gamma Function}, 
      author={Lazhar Fekih-Ahmed},
      year={2017},
      eprint={1407.5983},
      howpublished={\url{https://arxiv.org/abs/1407.5983}},
      archivePrefix={arXiv},
      primaryClass={math.NT}
}

@article{Davis1959,
  doi = {10.2307/2309786},
  url = {https://doi.org/10.2307/2309786},
  year = {1959},
  month = dec,
  publisher = {{JSTOR}},
  volume = {66},
  number = {10},
  pages = {849},
  author = {Philip J. Davis},
  title = {{Leonhard Euler's} Integral: A Historical Profile of the Gamma Function: In Memoriam: {Milton Abramowitz}},
  journal = {The American Mathematical Monthly}
}

@article{Borwein2018,
  doi = {10.1080/00029890.2018.1420983},
  url = {https://doi.org/10.1080/00029890.2018.1420983},
  year = {2018},
  month = apr,
  publisher = {Informa {UK} Limited},
  volume = {125},
  number = {5},
  pages = {400--424},
  author = {Jonathan M. Borwein and Robert M. Corless},
  title = {Gamma and Factorial in the Monthly},
  journal = {The American Mathematical Monthly}
}

@article{Olver1965,
  doi = {10.1137/0702017},
  url = {https://doi.org/10.1137/0702017},
  year = {1965},
  month = jan,
  publisher = {Society for Industrial {\&} Applied Mathematics ({SIAM})},
  volume = {2},
  number = {2},
  pages = {225--243},
  author = {F. W. J. Olver},
  title = {On the Asymptotic Solution of Second-Order Differential Equations Having an Irregular Singularity of Rank One,  with an Application to Whittaker Functions},
  journal = {Journal of the Society for Industrial and Applied Mathematics Series B Numerical Analysis}
}

@article{Strassen1976,
author = {Strassen, Volker},
journal = {Jahresbericht der Deutschen Mathematiker-Vereinigung},
language = {ger},
pages = {1-8},
title = {{Einige Resultate \"{u}ber Berechnungskomplexit\"{a}t}},
url = {http://eudml.org/doc/146659},
volume = {78},
year = {1976},
}

@misc{Lus2008,
  author = {Peter Luschny},
  title = {Swing, divide and conquer the factorial},
  year = {2008},
  howpublished = {\url{https://oeis.org/A000142/a000142.pdf}},
}

@article{Borwein1985,
  doi = {10.1016/0196-6774(85)90006-9},
  url = {https://doi.org/10.1016/0196-6774(85)90006-9},
  year = {1985},
  month = sep,
  publisher = {Elsevier {BV}},
  volume = {6},
  number = {3},
  pages = {376--380},
  author = {Peter B Borwein},
  title = {On the complexity of calculating factorials},
  journal = {Journal of Algorithms}
}

@article{Cho1999,
  doi = {10.1080/00029890.1999.12005066},
  url = {https://doi.org/10.1080/00029890.1999.12005066},
  year = {1999},
  month = may,
  publisher = {Informa {UK} Limited},
  volume = {106},
  number = {5},
  pages = {440--448},
  author = {Timothy Y. Chow},
  title = {What Is a Closed-Form Number?},
  journal = {The American Mathematical Monthly}
}

@article{BBK2014,
  doi = {10.1016/j.jsc.2013.09.001},
  url = {https://doi.org/10.1016/j.jsc.2013.09.001},
  year = {2014},
  month = jan,
  publisher = {Elsevier {BV}},
  volume = {60},
  pages = {120--136},
  author = {David H. Bailey and Jonathan M. Borwein and Alexander D. Kaiser},
  title = {Automated simplification of large symbolic expressions},
  journal = {Journal of Symbolic Computation}
}

@article{BCP1997,
  doi = {10.1006/jsco.1996.0125},
  url = {https://doi.org/10.1006/jsco.1996.0125},
  year = {1997},
  month = sep,
  publisher = {Elsevier {BV}},
  volume = {24},
  number = {3-4},
  pages = {235--265},
  author = {Wieb Bosma and John Cannon and Catherine Playoust},
  title = {The {M}agma Algebra System {I}: The User Language},
  journal = {Journal of Symbolic Computation}
}

@article{Bos2006,
  doi = {10.1016/j.jsc.2005.07.001},
  url = {https://doi.org/10.1016/j.jsc.2005.07.001},
  year = {2006},
  month = jan,
  publisher = {Elsevier {BV}},
  volume = {41},
  number = {1},
  pages = {1--29},
  author = {Alin Bostan and Philippe Flajolet and Bruno Salvy and {\'{E}}ric Schost},
  title = {Fast computation of special resultants},
  journal = {Journal of Symbolic Computation}
}

@inproceedings{Car2004,
  doi = {10.1145/1005285.1005298},
  url = {https://doi.org/10.1145/1005285.1005298},
  year = {2004},
  publisher = {{ACM} Press},
  author = {Jacques Carette},
  title = {Understanding expression simplification},
  booktitle = {Proceedings of the 2004 international symposium on Symbolic and algebraic computation  - {ISSAC} '04}
}

@article{Cho1999,
  doi = {10.1080/00029890.1999.12005066},
  url = {https://doi.org/10.1080/00029890.1999.12005066},
  year = {1999},
  month = may,
  publisher = {Informa {UK} Limited},
  volume = {106},
  number = {5},
  pages = {440--448},
  author = {Timothy Y. Chow},
  title = {What Is a Closed-Form Number?},
  journal = {The American Mathematical Monthly}
}

@book{Coh1996,
  doi = {10.1007/978-3-662-02945-9},
  url = {https://doi.org/10.1007/978-3-662-02945-9},
  year = {1996},
  publisher = {Springer Berlin Heidelberg},
  author = {Henri Cohen},
  title = {A Course in Computational Algebraic Number Theory}
}

@book{Coh2000,
  doi = {10.1007/978-1-4419-8489-0},
  url = {https://doi.org/10.1007/978-1-4419-8489-0},
  year = {2000},
  publisher = {Springer New York},
  author = {Henri Cohen},
  title = {Advanced Topics in Computional Number Theory}
}

@misc {DGPS2019,
 title = {{\sc Singular} {4-1-2} --- {A} computer algebra system for polynomial computations},
 author = {Decker, Wolfram and Greuel, Gert-Martin and Pfister, Gerhard and Sch\"onemann, Hans},
 year = {2019},
 howpublished = {\url{http://www.singular.uni-kl.de}},
}

@article{Fie2007,
  doi = {10.1080/10586458.2007.10129012},
  url = {https://doi.org/10.1080/10586458.2007.10129012},
  year = {2007},
  month = jan,
  publisher = {Informa {UK} Limited},
  volume = {16},
  number = {4},
  pages = {493--500},
  author = {Claus Fieker},
  title = {Sparse Representation for Cyclotomic Fields},
  journal = {Experimental Mathematics}
}

@inproceedings{Fie2017,
  author = {Claus Fieker and William Hart and Tommy Hofmann and Fredrik Johansson},
  title = {{Nemo/Hecke}: computer algebra and number theory packages for the {J}ulia programming language},
  booktitle = {Proc. of the 42nd Intl. Symposium on Symbolic and Algebraic Computation},
  series = {ISSAC '17},
  pages = {157--164},
  publisher = {ACM},
  year = {2017},
  doi = {10.1145/3087604.3087611},
  url = {https://doi.org/10.1145/3087604.3087611},
}

@inproceedings{Joh2021,
  title = {Calcium: computing in exact real and complex fields},
  author = {Fredrik Johansson},
  series = {ISSAC '21},
  year = {2021},
  doi = {10.1145/3452143.3465513},
  url = {https://doi.org/10.1145/3452143.3465513},
}

@book{GCL1992,
  doi = {10.1007/b102438},
  url = {https://doi.org/10.1007/b102438},
  year = {1992},
  publisher = {Springer {US}},
  author = {K. O. Geddes and S. R. Czapor and G. Labahn},
  title = {Algorithms for Computer Algebra}
}

@incollection{Har2010,
  doi = {10.1007/978-3-642-15582-6_18},
  url = {https://doi.org/10.1007/978-3-642-15582-6_18},
  year = {2010},
  publisher = {Springer Berlin Heidelberg},
  pages = {88--91},
  author = {William B. Hart},
  title = {Fast Library for Number Theory: An Introduction},
  booktitle = {Mathematical Software {\textendash} {ICMS} 2010}
}

@article{Har2015,
  title={{ANTIC}: Algebraic number theory in {C}},
  author={William B. Hart},
  journal={Computeralgebra-Rundbrief: Vol. 56},
  year={2015},
  publisher={Gesellschaft f{\"u}r Informatik eV, Fachgruppe Computeralgebra}
}

@incollection{JR1999,
  author = {David J. Jeffrey and Albert D. Rich},
  title = {Simplifying Square Roots of Square Roots by Denesting},
  date = {1999},
  pages = {61–72},
  language = {en},
  booktitle = {Computer Algebra Systems: A practical guide}
}

@article{Joh2017,
  doi = {10.1109/tc.2017.2690633},
  url = {https://doi.org/10.1109/tc.2017.2690633},
  year = {2017},
  month = aug,
  publisher = {Institute of Electrical and Electronics Engineers ({IEEE})},
  volume = {66},
  number = {8},
  pages = {1281--1292},
  author = {Fredrik Johansson},
  title = {Arb: Efficient Arbitrary-Precision Midpoint-Radius Interval Arithmetic},
  journal = {{IEEE} Transactions on Computers}
}

@phdthesis{Kau2005,
  author = {Manuel Kauers},
  title = {Algorithms for Nonlinear Higher Order Difference Equations},
  year = {2005},
  address = {RISC, Johannes Kepler University, Linz},
  note = {\url{http://www.algebra.uni-linz.ac.at/people/mkauers/publications/kauers05c.pdf}},
}

@misc{Max2020,
  author = {Maxima},
  year = {2020},
  title = {Maxima, a Computer Algebra System.  Version 5.44.0},
  address = {http://maxima.sourceforge.net/},
  note = {\url{http://maxima.sourceforge.net/}},
}

@article{Meu2017,
 title = {{SymPy: symbolic computing in Python}},
 author = {Aaron Meurer and others},
 year = 2017,
 month = jan,
 volume = 3,
 pages = {e103},
 journal = {PeerJ Computer Science},
 issn = {2376-5992},
 url = {https://doi.org/10.7717/peerj-cs.103},
 doi = {10.7717/peerj-cs.103}
}

@article{Mos1971,
  doi = {10.1145/362637.362648},
  url = {https://doi.org/10.1145/362637.362648},
  year = {1971},
  month = aug,
  publisher = {Association for Computing Machinery ({ACM})},
  volume = {14},
  number = {8},
  pages = {527--537},
  author = {Joel Moses},
  title = {Algebraic simplification: a guide for the perplexed},
  journal = {Communications of the {ACM}}
}

@incollection{Mul2001,
  doi = {10.1007/3-540-45335-0_14},
  url = {https://doi.org/10.1007/3-540-45335-0_14},
  year = {2001},
  publisher = {Springer Berlin Heidelberg},
  pages = {222--252},
  author = {Norbert M\"{u}ller},
  title = {The {iRRAM}: Exact Arithmetic in {C++}},
  booktitle = {Computability and Complexity in Analysis}
}

@manual{Par2021,
  organization = "{The PARI~Group}",
  title        = "{PARI/GP version \texttt{2.13.0}}",
  year         = 2021,
  address      = "University of Bordeaux",
  note         = "\url{http://pari.math.u-bordeaux.fr/}"
}

@inproceedings{RF1994,
  doi = {10.1145/190347.190429},
  url = {https://doi.org/10.1145/190347.190429},
  year = {1994},
  publisher = {{ACM} Press},
  author = {Daniel Richardson and John Fitch},
  title = {The identity problem for elementary functions and constants},
  booktitle = {Proceedings of the international symposium on Symbolic and algebraic computation  - {ISSAC} '94}
}

@inproceedings{Ric1992,
  doi = {10.1145/143242.143284},
  url = {https://doi.org/10.1145/143242.143284},
  year = {1992},
  publisher = {{ACM} Press},
  author = {Daniel Richardson},
  title = {The elementary constant problem},
  booktitle = {Papers from the international symposium on Symbolic and algebraic computation  - {ISSAC} '92}
}

@inproceedings{Ric1995,
  doi = {10.1145/220346.220360},
  url = {https://doi.org/10.1145/220346.220360},
  year = {1995},
  publisher = {{ACM} Press},
  author = {Daniel Richardson},
  title = {A simplified method of recognizing zero among elementary constants},
  booktitle = {Proceedings of the 1995 international symposium on Symbolic and algebraic computation  - {ISSAC} '95}
}

@article{Ric1997,
  doi = {10.1006/jsco.1997.0157},
  url = {https://doi.org/10.1006/jsco.1997.0157},
  year = {1997},
  month = dec,
  publisher = {Elsevier {BV}},
  volume = {24},
  number = {6},
  pages = {627--645},
  author = {Daniel Richardson},
  title = {How to Recognize Zero},
  journal = {Journal of Symbolic Computation}
}

@article{Ric2007,
  doi = {10.1007/s11786-007-0002-x},
  url = {https://doi.org/10.1007/s11786-007-0002-x},
  year = {2007},
  month = oct,
  publisher = {Springer Science and Business Media {LLC}},
  volume = {1},
  number = {1},
  pages = {21--37},
  author = {Daniel Richardson},
  title = {Zero Tests for Constants in Simple Scientific Computation},
  journal = {Mathematics in Computer Science}
}

@misc{Ric2009,
  author = {Daniel Richardson},
  title = {Recognising zero among implicitly defined elementary numbers},
  year = {2009},
  howpublished = {Unpublished preprint}
}

@manual{Sag2020,
  key          = {SageMath},
  author = {{The Sage Developers}},
  title        = {{S}ageMath, the {S}age {M}athematics {S}oftware {S}ystem ({V}ersion 9.0)},
  year         = 2020,
  note         = "\url{https://www.sagemath.org}",
}

@incollection{Ste2002,
  doi = {10.1007/3-540-45455-1_38},
  url = {https://doi.org/10.1007/3-540-45455-1_38},
  year = {2002},
  publisher = {Springer Berlin Heidelberg},
  pages = {491--505},
  author = {Allan Steel},
  title = {A New Scheme for Computing with Algebraically Closed Fields},
  booktitle = {Lecture Notes in Computer Science}
}

@article{Ste2010,
  doi = {10.1016/j.jsc.2009.09.005},
  url = {https://doi.org/10.1016/j.jsc.2009.09.005},
  year = {2010},
  month = mar,
  publisher = {Elsevier {BV}},
  volume = {45},
  number = {3},
  pages = {342--372},
  author = {Allan Steel},
  title = {Computing with algebraically closed fields},
  journal = {Journal of Symbolic Computation}
}

@article{Str1997,
  doi = {10.1006/jsco.1997.0158},
  url = {https://doi.org/10.1006/jsco.1997.0158},
  year = {1997},
  month = dec,
  publisher = {Elsevier {BV}},
  volume = {24},
  number = {6},
  pages = {647--656},
  author = {Adam Strzebo{\'{n}}ski},
  title = {Computing in the Field of Complex Algebraic Numbers},
  journal = {Journal of Symbolic Computation}
}

@article{Str2012,
  doi = {10.1016/j.jsc.2011.11.004},
  url = {https://doi.org/10.1016/j.jsc.2011.11.004},
  year = {2012},
  month = mar,
  publisher = {Elsevier {BV}},
  volume = {47},
  number = {3},
  pages = {282--314},
  author = {Adam Strzebo{\'{n}}ski},
  title = {Real root isolation for exp{\textendash}log{\textendash}arctan functions},
  journal = {Journal of Symbolic Computation}
}

@article{vdH2006,
  doi = {10.1016/j.tcs.2005.09.060},
  url = {https://doi.org/10.1016/j.tcs.2005.09.060},
  year = {2006},
  publisher = {Elsevier {BV}},
  volume = {351},
  number = {1},
  pages = {52--60},
  author = {Joris van der Hoeven},
  title = {Computations with effective real numbers},
  journal = {Theoretical Computer Science}
}

@inproceedings{vdH2006b,
  title = {Effective real numbers in {Mmxlib}},
  doi = {10.1145/1145768.1145795},
  url = {https://doi.org/10.1145/1145768.1145795},
  year = {2006},
  publisher = {ACM Press},
  author = {Joris van der Hoeven},
  booktitle = {Proceedings of the 2006 international symposium on Symbolic and algebraic computation  - {ISSAC} '06}
}

@article{Zip1985,
  doi = {10.1016/s0747-7171(85)80014-6},
  url = {https://doi.org/10.1016/s0747-7171(85)80014-6},
  year = {1985},
  month = jun,
  publisher = {Elsevier {BV}},
  volume = {1},
  number = {2},
  pages = {189--210},
  author = {Richard Zippel},
  title = {Simplification of expressions involving radicals},
  journal = {Journal of Symbolic Computation}
}

@inproceedings{Mon2006,
  doi = {10.1145/1145768.1145809},
  url = {https://doi.org/10.1145/1145768.1145809},
  year = {2006},
  publisher = {{ACM} Press},
  author = {Michael Monagan and Roman Pearce},
  title = {Rational simplification modulo a polynomial ideal},
  booktitle = {Proceedings of the 2006 international symposium on Symbolic and algebraic computation  - {ISSAC} '06}
}

@misc{FR2019,
      title={Effective algebraic independence of values of {E}-functions}, 
      author={S Fischler and T. Rivoal},
      year={2019},
      eprint={1906.05589},
      archivePrefix={arXiv},
      primaryClass={math.NT}
}

@conference{vdH1995,
   author    = {Joris van der Hoeven},
   title     = {Automatic numerical expansions},
   booktitle = {Proc. of the conference "Real numbers and computers",
                Saint-\'Etienne, France},
   year      = {1995},
   pages     = {261--274}
}
%   editor    = {J.-C. Bajard and D. Michelucci and J.-M. Moreau and                J.-M. M\"uller},

@inproceedings{Boe2020,
  title={Towards an {API} for the real numbers},
  author={Boehm, Hans-J},
  booktitle={Proceedings of the 41st ACM SIGPLAN Conference on Programming Language Design and Implementation},
  pages={562--576},
  year={2020},
  doi = {10.1145/3395658},
  url = {https://doi.org/10.1145/3395658},
}

@misc{Car2020,
    title = {Zero equivalence in computer algebra systems},
    author = {Jacques Carette},
    howpublished = {Mathematics Stack Exchange, \url{https://math.stackexchange.com/q/3607862}},
    year = {2020},
}

@incollection{Johansson2020,
  doi = {10.1007/978-3-030-52200-1_31},
  url = {https://doi.org/10.1007/978-3-030-52200-1_31},
  year = {2020},
  publisher = {Springer},
  pages = {315--323},
  author = {Fredrik Johansson},
  title = {{FunGrim}: A Symbolic Library for Special Functions},
  booktitle = {Mathematical Software -- ICMS 2020}
}

@incollection{Yu2010,
  doi = {10.1007/978-3-642-15582-6_24},
  url = {https://doi.org/10.1007/978-3-642-15582-6_24},
  year = {2010},
  publisher = {Springer Berlin Heidelberg},
  pages = {121--141},
  author = {Jihun Yu and Chee Yap and Zilin Du and Sylvain Pion and Herv{\'{e}} Br\"{o}nnimann},
  title = {The Design of {Core 2}: A Library for Exact Numeric Computation in Geometry and Algebra},
  booktitle = {Mathematical Software {\textendash} {ICMS} 2010}
}

@incollection{DellaDora1985,
  doi = {10.1007/3-540-15984-3_279},
  url = {https://doi.org/10.1007/3-540-15984-3_279},
  year = {1985},
  publisher = {Springer Berlin Heidelberg},
  pages = {289--290},
  author = {Jean Della Dora and Claire Dicrescenzo and Dominique Duval},
  title = {About a new method for computing in algebraic number fields},
  booktitle = {{EUROCAL} {\textquotesingle}85}
}

@phdthesis{vdH1997,
   author    = {Joris van der Hoeven},
   title     = {Automatic asymptotics},
   year      = {1997},
   school    = {\'Ecole polytechnique},
   address   = {Palaiseau, France}
   url       = {https://texmacs.org/joris/phd/phd-abs.html},
}

@Article{Fousse2007,
  author =       "Laurent Fousse and Guillaume Hanrot and Vincent Lef\`evre and Patrick P\'elissier and Paul Zimmermann",
  title =        "{MPFR}: A Multiple-Precision Binary Floating-Point Library with Correct Rounding",
  journal =      "{ACM} Transactions on Mathematical Software",
  volume =       "33",
  number =       "2",
  month =        jun,
  year =         "2007",
  pages =        "13:1--13:15",
  url = {\url{http://mpfr.org}}
}

@book{Olver1997,
  title = {Asymptotics and Special Functions},
  author = {F. W. J. Olver},
  year = {1997},
  publisher = {A K Peters},
  address = {Wellesley, MA}
}

@article{BrentMcMillan1980,
  author = {R. P. Brent and E. M. McMillan},
  title = {Some new algorithms for high-precision computation of {E}uler's constant},
  journal = {Mathematics of Computation},
  volume={34},
  number={149},
  year = {1980},
  pages = {305--312}
}

@misc{Brent2010,
  author = {R. P. Brent},
  title = {Ramanujan and {E}uler's constant (in memory of {E}dwin {M}. {M}c{M}illan)},
  year = {2010},
  howpublished = {CARMA Number Theory Workshop, Newcastle, NSW, 8 July 2010, \url{http://maths-people.anu.edu.au/~brent/pd/Euler_CARMA_10.pdf}}
}

@misc{Kuhlman2015,
  author = {K. Kuhlman},
  title = {Unconfined: command-line parallel unconfined aquifer test simulator},
  year = {2015},
  howpublished = {\url{https://github.com/klkuhlm/unconfined}}
}

@misc{VassilevskaWilliams2011,
  author = {V. Vassilevska Williams},
  title = {Breaking the {C}oppersmith-{W}inograd barrier},
  year = {2011},
  howpublished = {\url{http://cs.berkeley.edu/~virgi/matrixmult.pdf}}
}

@phdthesis{Stothers2010,
  title = {On the complexity of matrix multiplication},
  author = {A. J. Stothers},
  school = {University of Edinburgh},
  year = {2010}
}

@article{Ritzmann1986,
  title = {A fast numerical algorithm for the composition of power series with complex coefficients},
  author = {P. Ritzmann},
  journal = {Theoretical Computer Science},
  volume = {44},
  number = {1},
  pages = {1--16},
  year = {1986},
  publisher={Elsevier}
}

@misc{MPIR,
  author = {{The MPIR development team}},
  title = {{MPIR}: {M}ultiple {P}recision {I}ntegers and {R}ationals},
  howpublished = {\url{http://www.mpir.org}},
}

@misc{GMP,
  author = {{The GMP development team}},
  key = {GMP},
  title = {{GMP}: {T}he {GNU} {M}ultiple {P}recision {A}rithmetic {L}ibrary},
  howpublished = {\url{http://gmplib.org}},
  year = {2021},
}

@book{knuth1998vol2,
  title = {The Art of Computer Programming, volume 2: Seminumerical Algorithms},
  year = {1998},
  author = {D. Knuth},
  journal = {The Art of Computer Programming},
  edition = {3rd},
  publisher = {Addison-Wesley}
}

@article{HuangPan1998,
  title = {Fast rectangular matrix multiplication and applications},
  author = {X. Huang and V. Pan},
  journal = {Journal of Complexity},
  volume = {14},
  number = {2},
  pages = {257--299},
  year = {1998},
  publisher = {Elsevier}
}

@article{vdH:relax,
  title = {Relax, but donâ€™t be too lazy},
  author = {J. van der Hoeven},
  journal = {Journal of Symbolic Computation},
  volume = {34},
  number = {6},
  pages = {479--542},
  year = {2002},
  publisher = {Elsevier}
}

@article{KedlayaUmans2011,
  title = {Fast polynomial factorization and modular composition},
  author = {K. S. Kedlaya and C. Umans},
  journal = {SIAM Journal on Computing},
  volume = {40},
  number = {6},
  pages = {1767--1802},
  year = {2011},
  publisher = {SIAM}
}

@inproceedings{BostanSalvySchost2008,
  title = {Power series composition and change of basis},
  author = {A. Bostan and B. Salvy and {\'E}. Schost},
  booktitle = {Proceedings of the twenty-first international symposium on symbolic and algebraic computation},
  pages = {269--276},
  year = {2008},
  organization = {ACM}
}

@article{BrentKung1978,
  title = {Fast algorithms for manipulating formal power series},
  author = {R. P. Brent and H. T. Kung},
  journal = {Journal of the ACM},
  volume = {25},
  number = {4},
  pages = {581--595},
  year = {1978},
  publisher = {ACM}
}

@misc{HanrotZimmermann2004,
  author = {G. Hanrot and P. Zimmermann},
  title = {Newton iteration revisited},
  year = {2004},
  howpublished = {\url{http://www.loria.fr/~zimmerma/papers/fastnewton.ps.gz}}
}

@article{Harvey2011,
  title = {Faster algorithms for the square root and reciprocal of power series},
  author = {D. Harvey},
  journal = {Mathematics of Computation},
  volume = {80},
  number = {273},
  pages = {387--394},
  year = {2011}
}

@book{vonzurGathenGerhard2003,
  title={Modern Computer Algebra},
  author={J. von zur Gathen and J. Gerhard},
  year={2003},
  edition={2nd},
  publisher={Cambridge University Press}
}

@article{Bernstein1998,
  title = {Composing power series over a finite ring in essentially linear time},
  author = {D. J. Bernstein},
  journal = {Journal of Symbolic Computation},
  volume = {26},
  number = {3},
  pages = {339--342},
  year = {1998},
}

@misc{Bernstein2004,
  author = {D. J. Bernstein},
  title = {Removing redundancy in high-precision {N}ewton iteration},
  year = {2004},
  howpublished = {\url{http://cr.yp.to/papers.html#fastnewton}}
}

@article{Bernstein2008,
  author = {D. J. Bernstein},
  title = {Fast multiplication and its applications},
  journal = {Algorithmic Number Theory},
  volume = {44},
  pages = {325--384},
  year = {2008},
}

@article{BostanGaudrySchost2007,
  author = {A. Bostan and P. Gaudry and \'{E}. Schost},
  title = {Linear recurrences with polynomial coefficients and application to integer factorization and {C}artier-{M}anin operator},
  journal = {SIAM Journal on Computing},
  volume = {36},
  number = {6},
  pages = {1777--1806},
  year = {2007}
}

@article{Borwein1987,
  author = {P. B. Borwein},
  title = {Reduced complexity evaluation of hypergeometric functions},
  journal = {Journal of Approximation Theory},
  volume = {50},
  number = {3},
  month = {July},
  pages={193--199},
  year = {1987}
}

@article{BorweinZucker1992,
  author = {J. M. Borwein and I. J. Zucker},
  title = {Fast evaluation of the gamma function for small rational fractions using complete elliptic integrals of the first kind},
  journal = {IMA Journal of Numerical Analysis},
  volume = {12},
  pages = {519--526},
  year = {1992}
}

@article{BorweinBradleyCrandall2000,
  author = {J. M. Borwein and D. M. Bradley and R. E. Crandall},
  title = {Computational strategies for the {R}iemann zeta function},
  journal = {Journal of Computational and Applied Mathematics},
  volume = {121},
  pages = {247--296},
  year = {2000}
}

@article{Brent1978,
  author = {R. P. Brent},
  title = "A {F}ortran multiple-precision arithmetic package",
  journal = {ACM Transactions on Mathematical Software},
  pages = {57--70},
  volume = {4},
  year = {1978}
}

@inproceedings{Str08,
  author    = {Adam W. Strzebonski},
  title     = {Real root isolation for exp-log functions},
  booktitle = {ISSAC},
  publisher = {ACM},
  year      = {2008},
}

@misc{HL2012,
  title = {NumExp: {N}umerical epsilon expansion of hypergeometric functions},
  author = {Zhi-Wei Huang and Jueping Liu},
  howpublished = {\url{http://arxiv.org/abs/1209.3971}},
}

@ARTICLE{Borwein2000,
    author = {Borwein, P.},
    title = {An efficient algorithm for the {R}iemann zeta function},
    journal = {Canadian Mathematical Society Conference Proceedings},
    volume = {27},
    year = {2000},
    pages = {29--34},
}

@article{Karatsuba1998,
  author = {E. A. Karatsuba},
  title = {Fast evaluation of the {H}urwitz zeta function and {D}irichlet {$L$}-series},
  journal = {Problems of Information Transmission},
  volume = {34},
  number = {4},
  year = {1998}
}

@inproceedings{KohlerZiegler2008,
  author    = {S. K\"{o}hler and M. Ziegler},
  title     = {On the Stability of Fast Polynomial Arithmetic},
  booktitle = {Proceedings of the 8th Conference on Real Numbers and Computers},
  address   = {Santiago de Compostela, Spain},
  year      = {2008},
}
%  url       = {\url{http://www2.cs.upb.de/cs/ag-madh/PapersPostscript/KoehlerZiegler.RNC8.pdf}}

@article{PatersonStockmeyer1973,
  author = {M. S. Paterson and L. J. Stockmeyer},
  title = {On the number of nonscalar multiplications necessary to evaluate polynomials},
  journal = {SIAM Journal on Computing},
  volume = {2},
  number = {1},
  month = {March},
  year = {1973}
}

@article{Lanczos1964,
  author = {C. Lanczos},
  title = {A precision approximation of the gamma function},
  journal  = {SIAM Journal on Numerical Analysis},
  series = {B},
  volume = {1},
  pages = {86--96},
  year = {1964}
}

@article{schmelzer2007computing,
  title={Computing the gamma function using contour integrals and rational approximations},
  author={T. Schmelzer and L. N. Trefethen},
  journal={SIAM Journal on Numerical Analysis},
  volume={45},
  number={2},
  pages={558--571},
  year={2007},
  publisher={SIAM}
}

@article{Smith1989,
  author = {D. M. Smith},
  title = {Efficient multiple-precision evaluation of elementary functions},
  journal = {Mathematics of Computation},
  volume = {52},
  year = {1989},
  pages = {131--134},
}
%  url = {http://myweb.lmu.edu/dmsmith/MComp1989.pdf}

@article{Spouge1994,
  author = {J. L. Spouge},
  title = {Computation of the gamma, digamma, and trigamma functions},
  journal = {SIAM Journal on Numerical Analysis},
  volume = {31},
  number = {3},
  pages = {931--944},
  year = {1994}
}

@UNPUBLISHED{HanZim2004,
  author   = {Guillaume Hanrot and Paul Zimmermann},
  title    = {Newton Iteration Revisited},
  note     = {\url{http://www.loria.fr/~zimmerma/papers/fastnewton.ps.gz}},
  year     = {2004},
}

@article{Hopcroft1973,
  title = {Duality applied to the complexity of matrix multiplication and other bilinear forms},
  author = {J. Hopcroft and J. Musinski},
  journal = {SIAM Journal on Computing},
  volume = {2},
  number = {3},
  pages = {159--173},
  year = {1973},
  publisher = {SIAM}
}

@article{Probert1976,
  title = {On the additive complexity of matrix multiplication},
  author = {R. L. Probert},
  journal = {SIAM Journal on Computing},
  volume = {5},
  number = {2},
  pages = {187--203},
  year = {1976},
  publisher = {SIAM}
}

@book{mca,
  author = {R. P. Brent and P. Zimmermann},
  title  = {{M}odern {C}omputer {A}rithmetic},
  year   = {2011},
  publisher = {Cambridge University Press}
}

@misc{mpfralg,
  title = {The {MPFR} library: algorithms and proofs},
  key = {MPFR},
  author = {{The MPFR team}},
  year = {2021},
  howpublished     = {\url{http://www.mpfr.org/algo.html}},
  note = {Retrieved 2021}
}

@misc{toth,
  author = {Viktor Toth},
  title = {{T}echnical {N}otes: {M}aple and {M}eijer's {G}-function: a numerical instability and a cure},
  year = {2007},
  howpublished = {\url{http://www.vttoth.com/MapleMeijerG.htm}}
}

@manual{sage,
  Key          = {SageMath},
  Author       = {{Sage developers}},
  Title        = {{S}ageMath, the {S}age {M}athematics {S}oftware {S}ystem ({V}ersion 7.2.0)},
  note         = {\url{http://www.sagemath.org}},
  Year         = {2016},
}

@misc{DLMF,
 author = {{National Institute of Standards and Technology}},
 title = {{D}igital {L}ibrary of {M}athematical {F}unctions},
 year = {2013},
 howpublished = {\url{http://dlmf.nist.gov/}},
}

@phdthesis{du,
 author = {Z. Du},
 title = {Guaranteed precision for transcendental and algebraic computation made easy},
 year = {2006},
 school = {New York University},
 address = {New York, NY},
}

@article{du2002hypergeometric,
  title={Hypergeometric functions in exact geometric computation},
  author={Z. Du and M. Eleftheriou and J. E. Moreira and C. Yap},
  journal={Electronic Notes in Theoretical Computer Science},
  volume={66},
  number={1},
  pages={53--64},
  year={2002},
  publisher={Elsevier}
}


@misc{maxgosp,
  author = "Richard Fateman",
  title = "[[{M}axima] numerical evaluation of {2F1}] from {RW Gosper}",
  howpublished = {\url{http://www.math.utexas.edu/pipermail/maxima/2006/000126.html}},
  note = "Post to the Maxima mailing list"
}

@misc{maxima,
  author = {{Maxima authors}},
  year = {2015},
  title = {Maxima, a Computer Algebra System.},
  howpublished = {\url{http://maxima.sourceforge.net/}},
}

@misc{wolfmma,
  author = {{Wolfram Research}},
  title={Mathematica},
  howpublished={\url{http://wolfram.com}},
  year={2016},
}

@misc{maplesoft,
  author = {{Maplesoft}},
  title={Maple},
  howpublished={\url{http://www.maplesoft.com/documentation_center/}},
  year={2016},
}


@misc{vogtgosp,
  author = "A. Vogt",
  title = "Computing the hypergeometric function {2F1} using a recipe of {G}osper",
  howpublished = {\url{http://www.axelvogt.de/axalom/hyp2F1/hypergeometric_2F1_using_a_recipe_of_Gosper.mws.pdf}},
  year = {2007}
}

@misc{wolf,
  author = {{W}olfram {R}esearch},
  title = {The {W}olfram {F}unctions {S}ite},
  howpublished = {\url{http://functions.wolfram.com/}},
  year = {2016},
}

@misc{wolfhyp,
  author = {{W}olfram {R}esearch},
  title = {The {W}olfram {F}unctions {S}ite - {H}ypergeometric {F}unctions},
  howpublished = {\url{http://functions.wolfram.com/HypergeometricFunctions/}},
  year = {2016},
}

@misc{wolfhyp1,
  author = {Wolfram Research},
  title = {{T}he {W}olfram {F}unctions {S}ite - {HypergeometricPFQ}},
  howpublished = {\url{http://functions.wolfram.com/07.31.06.0041.01}},
  year = {2016},
}

@ARTICLE{convacc,
  author = {U.~D. Jentschura and P.~J. Mohr and G. Soff and E.~J. Weniger},
  title = {Convergence Acceleration via Combined Nonlinear-Condensation   Transformations},
  journal = {Computer Physics Communications},
  volume = {116},
  pages = {28},
  url = {http://www.citebase.org/abstract?id=oai:arXiv.org:math/9809111},
  year = {1999}
}

@book{AbramowitzStegun1964,
  author = {M. Abramowitz and I. A. Stegun},
  title = {Handbook of Mathematical Functions with Formulas, Graphs, and Mathematical Tables},
  publisher = {Dover},
  year = {1964},
  address = {New York},
}
%  note = {\url{http://www.math.sfu.ca/~cbm/aands/}},

@book{bender,
  author = {C. M. Bender and S. A. Orszag}, 
  title  = {Advanced Mathematical Methods for Scientists and Engineers}, 
  publisher = {Springer}, 
  month = {October},
  year = {1999},
  edition = {1st},
}

@article{buhr,
  author = {Wolfgang B\"uhring},
  title = {Generalized Hypergeometric Functions at Unit Argument},
  journal = {Proceedings of the American Mathematical Society},
  volume = {114},
  issue = {1},
  pages = {145-153},
  month = {January},
  year = {1992}
}

@article{michel,
  author = {N. Michel},
  title = {Precise {C}oulomb wave functions for a wide range of complex $\ell$, $\eta$ and $z$},
  journal = {Computer Physics Communications},
  volume = {176},
  issue = {3},
  year = {2007},
  pages = {232-249}
}

@article{dzieciol,
  author = {A. Dzieciol, S. Yngve and P. O. Fr\"oman},
  title = {Coulomb wave functions with complex values of the variable and the parameters},
  journal = {Journal of Mathematical Physics},
  volume = {40},
  issue = {12},
  year = {1999}
}

@article{thompson,
  author = {I. J. Thompson and A. R. Barnett},
  title = {{C}oulomb and {B}essel Functions of Complex Argument and Order},
  journal = {Journal of Computational Physics},
  volume = {64},
  issue = {2},
  year = {1986}
}

@misc{gszeta,
  author = {X. Gourdon and P. Sebah},
  title = {The {R}iemann {Z}eta-function $\zeta(s)$},
  howpublished = {\url{http://numbers.computation.free.fr/Constants/Miscellaneous/zeta.html}},
  year = {2003}
}


@article{vdH:hol,
   author    = {J. van der Hoeven},
   title     = {Fast evaluation of holonomic functions},
   journal   = {Theoretical Computer Science},
   year      = {1999},
   volume    = {210},
   pages     = {199--215}
}

@article{MezzarobbaSalvy2010,
  author = {M. Mezzarobba and B. Salvy},
  doi = {10.1016/j.jsc.2010.06.024},
  journal = {Journal of Symbolic Computation},
  number = {10},
  pages = {1075--1096},
  title = {Effective Bounds for {P}-recursive sequences},
  url = {http://arxiv.org/abs/0904.2452},
  volume = {45},
  year = {2010}
}

@phdthesis{Mezzarobba2011,
  author = {M. Mezzarobba},
  month = nov,
  school = {Ecole polytechnique},
  title = {Autour de l'\'{e}valuation num\'{e}rique des fonctions {D}-finies},
  type = {Th\`{e}se de doctorat},
  year = {2011}
}

@inproceedings{Mezzarobba2010,
  author = {M. Mezzarobba},
  title = {{NumGfun}: a Package for Numerical and Analytic
		  Computation with {D}-finite Functions},
  year = {2010},
  pages = {139--146},
  booktitle={Proceedings of ISSAC'10},
}

@inproceedings{LauterMezzarobba,
  author = {C. Lauter and M. Mezzarobba},
  booktitle = {ARITH~22},
  title = {Semi-Automatic Floating-Point Implementation of Special Functions},
  year = {2015}
}
@TechReport{vdH:stablemult,
  author = 	 {J. van der Hoeven},
  title = 	 {Making fast multiplication of polynomials
                  numerically stable},
  institution =  {Universit\'e Paris-Sud},
  year = 	 {2008},
  number = 	 {2008-02},
  address = 	 {Orsay, France}
}

@inproceedings{Hart2010,
 author = {W. B. Hart},
 title = {Fast {L}ibrary for {N}umber {T}heory: {A}n {I}ntroduction},
 booktitle = {Proceedings of the Third international congress conference on Mathematical software},
 series = {ICMS'10},
 year = {2010},
 isbn = {3-642-15581-2, 978-3-642-15581-9},
 location = {Kobe, Japan},
 pages = {88--91},
 numpages = {4},
 acmid = {1888413},
 publisher = {Springer-Verlag},
 address = {Berlin, Heidelberg},
 note = {\url{http://flintlib.org}}
}

@article{RevolRouillier2005,
  author = {N. Revol and F. Rouillier},
  title = {Motivations for an arbitrary precision interval arithmetic library and the {MPFI} library},
  journal = {Reliable Computing},
  volume = {11},
  number = {4},
  pages = {275--290},
  year = {2005},
  note = {\url{http://perso.ens-lyon.fr/nathalie.revol/software.html}}
}

@misc{enge2011mpc,
  title={{MPC}: a library for multiprecision complex arithmetic with exact rounding},
  author={A. Enge and P. Th{\'e}veny and P. Zimmermann},
  howpublished = {\url{http://multiprecision.org/}},
  year={2011}
}


@incollection{Muller2001,
  title={The {iRRAM}: {E}xact arithmetic in {C}++},
  author={N. M{\"u}ller},
  booktitle={Computability and Complexity in Analysis},
  pages={222--252},
  year={2001},
  publisher={Springer},
  note = {\url{http://irram.uni-trier.de}}
}

@incollection{Lecerf2010,
  year={2010},
  booktitle={Mathematical Software -- ICMS 2010},
  volume={6327},
  series={Lecture Notes in Computer Science},
  editor={K. Fukuda and J. van der Hoeven and M. Joswig and N. Takayama},
  title={Mathemagix: Towards Large Scale Programming for Symbolic and Certified Numeric Computations},
  publisher={Springer Berlin Heidelberg},
  author={G. Lecerf},
  pages={329--332}
}

@article{mathemagix,
 author = {J. van der Hoeven and G. Lecerf and B. Mourrain and P. Tr{\'e}buchet and J. Berthomieu and D. N. Diatta and A. Mantzaflaris},
 title = {Mathemagix: the quest of modularity and efficiency for symbolic and certified numeric computation?},
 journal = {ACM Communications in Computer Algebra},
 issue_date = {September/December 2011},
 volume = {45},
 number = {3/4},
 month = jan,
 year = {2012},
 issn = {1932-2240},
 pages = {186--188},
 numpages = {3},
 url = {http://doi.acm.org/10.1145/2110170.2110180},
 doi = {10.1145/2110170.2110180},
 acmid = {2110180},
 publisher = {ACM},
 address = {New York, NY, USA},
 note = {\url{http://mathemagix.org}}
} 

@Article{Fousse2007,
  author =       "L. Fousse and G. Hanrot and V. Lef\`evre and P. P\'elissier and P. Zimmermann",
  title =        "{MPFR}: A Multiple-Precision Binary Floating-Point Library with Correct Rounding",
  journal =      "{ACM} Transactions on Mathematical Software",
  volume =       "33",
  number =       "2",
  month =        jun,
  year =         "2007",
  pages =        "13:1--13:15",
  note = {\url{http://mpfr.org}}
}

@TechReport{vdH:ball,
  author = 	 {J. van der Hoeven},
  title = 	 {Ball arithmetic},
  institution =  {HAL},
  year = 	 {2009},
  note = 	 {\url{http://hal.archives-ouvertes.fr/hal-00432152/fr/}}
}

@inproceedings{Hart2011practical,
  title={Practical divide-and-conquer algorithms for polynomial arithmetic},
  author={W. B. Hart and A. Novocin},
  booktitle={Computer Algebra in Scientific Computing},
  pages={200--214},
  year={2011},
  organization={Springer}
}

@article{Li1997positivity,
  title={The positivity of a sequence of numbers and the {R}iemann {H}ypothesis},
  author={Xian-Jin Li},
  journal={Journal of Number Theory},
  volume={65},
  number={2},
  pages={325--333},
  year={1997},
  publisher={New York, Academic Press, 1969-}
}

@article{Keiper1992power,
  title={Power series expansions of Riemann's $\xi$ function},
  author={J. B. Keiper},
  journal={Mathematics of Computation},
  volume={58},
  number={198},
  pages={765--773},
  year={1992}
}

@article{Sofroniou2005precise,
  title={Precise numerical computation},
  author={M. Sofroniou and G. Spaletta},
  journal={Journal of Logic and Algebraic Programming},
  volume={64},
  number={1},
  pages={113--134},
  year={2005},
  publisher={Elsevier}
}

@misc{engempfrcx,
  title={{MPFRCX}: a library for univariate polynomials over arbitrary precision real or complex numbers},
  author={A. Enge},
  year={2012},
  note={\url{http://www.multiprecision.org/index.php?prog=mpfrcx}}
}

@manual{PARI2,
  key = {Pari},
  author = "{The PARI~group}",
  title        = "{PARI/GP}",
  year = {2016},
  address      = "Bordeaux",
  note         = "\url{http://pari.math.u-bordeaux.fr}"
}

@article{bailey2015mpfun2015,
  title={{MPFUN2015}: {A} Thread-Safe Arbitrary Precision Computation Package},
  author={D. H. Bailey},
  year={2015}
}

@book{tucker2011validated,
  title={Validated numerics: a short introduction to rigorous computations},
  author={W. Tucker},
  year={2011},
  publisher={Princeton University Press}
}

@inproceedings{nethercote2007valgrind,
  title={Valgrind: a framework for heavyweight dynamic binary instrumentation},
  author={N. Nethercote and J. Seward},
  booktitle={ACM Sigplan notices},
  volume={42},
  number={6},
  pages={89--100},
  year={2007},
  organization={ACM}
}


@misc{mpmath,
  author  = {F. Johansson},
  title   = {mpmath: a {P}ython library for arbitrary-precision floating-point arithmetic},
  year = {2015},
  howpublished = {\url{http://mpmath.org}},
}

@article{enge2009computing,
  title={Computing modular polynomials in quasi-linear time},
  author={A. Enge},
  journal={Mathematics of Computation},
  volume={78},
  number={267},
  pages={1809--1824},
  year={2009}
}


@article{Johansson2012,
  author = {F. Johansson},
  year = 2012,
  title = {Efficient implementation of the {H}ardy-{R}amanujan-{R}ademacher formula},
  journal = {LMS Journal of Computation of Mathematics},
  volume = {15},
  pages = {341--359}
}

@inbook{Odlyzko1995,
  author = {A. Odlyzko},
  year = 1995,
  chapter = {Asymptotic enumeration methods},
  pages = {1063--1229},
  note = {\url{http://www.dtc.umn.edu/~odlyzko/doc/asymptotic.enum.pdf}},
  crossref = {Graham1995}
}

@book{Graham1995,
  editor = {R. Graham and M. Gr\"{o}tschel and L. Lov\'{a}sz},
  title = {Handbook of combinatorics 2},
  publisher = {Elsevier},
  address = {The Netherlands},
}

@article{Whiteman1956,
  author = {A. Whiteman},
  title = {A sum connected with the series for the partition function},
  journal = {Pacific Journal of Mathematics},
  volume = {6},
  number = {1},
  year = {1956},
  pages = {159--176}
}

@article{Flajolet2005,
  author = {P. Flajolet and S. Gerhold and B. Salvy},
  title = {On the non-holonomic character of logarithms, powers, and the nth prime function},
  year = {2005},
  journal = {The Electronic Journal of Combinatorics},
  volume = {11},
  number = {2},
}

@article{flajolet1996zeta,
  title={Zeta function expansions of classical constants},
  author={P. Flajolet and I. Vardi},
  year={1996},
  howpublished={\url{http://algo.inria.fr/flajolet/Publications/FlVa96.pdf}}
}

@article{Ziegler2005,
  author    = {M. Ziegler},
  title     = {Fast (Multi-)Evaluation of Linearly Recurrent Sequences:
               Improvements and Applications},
  year      = {2005},
  note      = {\url{http://arxiv.org/abs/cs/0511033}},
}

@article{CantorKaltofen1991,
  author={D. G. Cantor and E. Kaltofen},
  title={On fast multiplication of polynomials over arbitrary algebras},
  journal={Acta Informatica},
  volume={28},
  number={7},
  pages={693--701},
  year={1991},
  publisher={Springer}
}

@article{david1990computer,
  title={Computer algebra in the service of mathematical physics and number theory},
  author = {D. V. Chudnovsky and G. V. Chudnovsky},
  journal={Computers in mathematics},
  volume={125},
  pages={109},
  year={1990},
  publisher={CRC Press}
}

@inproceedings{ChudnovskyChudnovsky1988,
  author = {D. V. Chudnovsky and G. V. Chudnovsky},
  title = {Approximations and complex multiplication according to {R}amanujan},
  booktitle = {Ramanujan Revisited},
  pages = {375--472},
  publisher = {Academic Press},
  year = {1988}
}

@article{Aho1975evaluating,
  title={Evaluating polynomials at fixed sets of points},
  author={A. V. Aho and K. Steiglitz and J. D. Ullman},
  journal={SIAM Journal on Computing},
  volume={4},
  number={4},
  pages={533--539},
  year={1975},
  publisher={SIAM}
}

@inproceedings{von1997fast,
  title={Fast algorithms for {T}aylor shifts and certain difference equations},
  author={J. von zur Gathen and J. Gerhard},
  booktitle={Proceedings of ISSAC'97},
  pages={40--47},
  year={1997},
}

@article{brent1976complexity,
  title={The complexity of multiple-precision arithmetic},
  author={R. P. Brent},
  journal={The Complexity of Computational Problem Solving},
  pages={126--165},
  year={1976},
  publisher={University of Queensland Press (Australia)}
}

@techreport{dedinechin:inria-00071446,
  TITLE = {{Fast correct rounding of elementary functions in double precision using double-extended arithmetic}},
  AUTHOR = {F. de Dinechin and D. Defour and C. Lauter},
  URL = {https://hal.inria.fr/inria-00071446},
  TYPE = {Research Report},
  NUMBER = {RR-5137},
  YEAR = {2004},
  KEYWORDS = {ELEMENTARY FUNCTIONS ; CORRECT ROUNDING ; IEEE-754 ; DOUBLE-EXTENDED PRECISION},
  HAL_ID = {inria-00071446},
  HAL_VERSION = {v1},
}

@inproceedings{daramy2003cr,
  title={{CR-LIBM}: a correctly rounded elementary function library},
  author={C. Daramy and D. Defour and F. de Dinechin and J. M. Muller},
  booktitle={Optical Science and Technology, SPIE's 48th Annual Meeting},
  pages={458--464},
  year={2003},
  organization={International Society for Optics and Photonics}
}

@article{Tang:1989:TIE:63522.214389,
 author = {P. T. P. Tang},
 title = {Table-driven Implementation of the Exponential Function in {IEEE} Floating-point Arithmetic},
 journal = {ACM Trans. Math. Softw.},
 issue_date = {June 1989},
 volume = {15},
 number = {2},
 month = jun,
 year = {1989},
 issn = {0098-3500},
 pages = {144--157},
 numpages = {14},
 url = {http://doi.acm.org/10.1145/63522.214389},
 doi = {10.1145/63522.214389},
 acmid = {214389},
 publisher = {ACM},
 address = {New York, NY, USA},
 keywords = {IEEE arithmetic, exponential function, implementation},
} 

@incollection{dukhan2014methods,
  title={Methods for High-Throughput Computation of Elementary Functions},
  author={M. Dukhan and R. Vuduc},
  booktitle={Parallel Processing and Applied Mathematics},
  pages={86--95},
  year={2014},
  publisher={Springer}
}

@inproceedings{harrison1999computation,
  title={The computation of transcendental functions on the {IA}-64 architecture},
  author={J. Harrison and T. Kubaska and S. Story and P. T. P. Tang},
  booktitle={Intel Technology Journal},
  year={1999},
  organization={Citeseer}
}

@inproceedings{thall2006extended,
  title={Extended-precision floating-point numbers for {GPU} computation},
  author={A. Thall},
  booktitle={ACM SIGGRAPH 2006 Research posters},
  pages={52},
  year={2006},
  organization={ACM}
}

@incollection{defour2003,
year={2003},
isbn={978-3-540-40673-0},
booktitle={Parallel Computing Technologies},
volume={2763},
editor={V. E. Malyshkin},
series={Lecture Notes in Computer Science},
doi={10.1007/978-3-540-45145-7_18},
title={Software Carry-Save: A Case Study for Instruction-Level Parallelism},
url={http://dx.doi.org/10.1007/978-3-540-45145-7_18},
publisher={Springer Berlin Heidelberg},
author={D. Defour and F. de Dinechin},
pages={207-214},
language={English}
}

@article{Johansson:2014:ACL:2576802.2576828,
 author = {F. Johansson},
 title = {Arb: A {C} Library for Ball Arithmetic},
 journal = {ACM Communications in Computer Algebra},
 volume = {47},
 number = {3/4},
 month = {December},
 year = {2013},
 issn = {1932-2240},
 pages = {166--169},
 numpages = {4},
 doi = {10.1145/2576802.2576828},
 acmid = {2576828},
 publisher = {ACM},
 address = {New York, NY, USA},
}
% url = {http://doi.acm.org/10.1145/2576802.2576828},

@article{van2014modular,
  title={Modular {SIMD} arithmetic in {M}athemagix},
  author={J. van der Hoeven and G. Lecerf and G. Quintin},
  journal={arXiv preprint arXiv:1407.3383},
  year={2014}
}

@article{bertot2002proof,
  title={A proof of {GMP} square root},
  author={Y. Bertot and N. Magaud and P. Zimmermann},
  journal={Journal of Automated Reasoning},
  volume={29},
  number={3-4},
  pages={225--252},
  year={2002},
  publisher={Springer}
}

@incollection{steelreduce,
  title={Reduce Everything to Multiplication},
  author={A. Steel},
  booktitle={Computing by the Numbers: Algorithms, Precision, and Complexity},
  year={2006},
  note={\url{http://www.mathematik.hu-berlin.de/~gaggle/EVENTS/2006/BRENT60/}}
}

@incollection{metalibm,
year={2014},
isbn={978-3-662-44198-5},
booktitle={Mathematical Software -- ICMS 2014},
volume={8592},
series={Lecture Notes in Computer Science},
editor={Hong, Hoon and Yap, Chee},
doi={10.1007/978-3-662-44199-2_106},
title={Metalibm: A Mathematical Functions Code Generator},
url={http://dx.doi.org/10.1007/978-3-662-44199-2_106},
publisher={Springer Berlin Heidelberg},
keywords={code generation; elementary functions; mathematical libraries},
author={O. Kupriianova and C. Lauter},
pages={713-717},
language={English}
}

@INPROCEEDINGS{6081400,
author={Y. Lei and Y. Dou and L. Shen and J. Zhou and S. Guo},
booktitle={2011 IEEE 29th International Conference on Computer Design (ICCD)},
title={{Special-purposed VLIW architecture for IEEE-754 quadruple precision elementary functions on FPGA}},
year={2011},
month={Oct},
pages={219-225},
doi={10.1109/ICCD.2011.6081400},
ISSN={1063-6404}
}

@article{hida2007library,
  title={Library for Double-Double and Quad-Double Arithmetic},
  author={Y. Hida and X. S. Li and D. H. Bailey},
  journal={NERSC Division, Lawrence Berkeley National Laboratory},
  year={2007},
  note={\url{http://crd-legacy.lbl.gov/~dhbailey/mpdist/}}
}

@article{bailey2015high,
  title={High-Precision Arithmetic in Mathematical Physics},
  author={D. H. Bailey and J. M. Borwein},
  journal={Mathematics},
  volume={3},
  number={2},
  pages={337--367},
  year={2015},
  publisher={Multidisciplinary Digital Publishing Institute}
}

@article{bailey2012high,
  title={High-precision computation: Mathematical physics and dynamics},
  author={D. H. Bailey and R. Barrio and J. M. Borwein},
  journal={Applied Mathematics and Computation},
  volume={218},
  number={20},
  pages={10106--10121},
  year={2012},
  publisher={Elsevier}
}

@misc{helfgott2015,
  title={The ternary {G}oldbach problem},
  author={H. A. Helfgott},
  year={2015},
  howpublished={\url{http://arxiv.org/abs/1501.05438}}
}

@article{helfgott2013numerical,
  title={Numerical verification of the ternary {G}oldbach conjecture up to 8.875{\textperiodcentered}10^{30}},
  author={H. A. Helfgott and D. J. Platt},
  journal={Experimental Mathematics},
  volume={22},
  number={4},
  pages={406--409},
  year={2013},
  publisher={Taylor \& Francis}
}

@inproceedings{Johansson2015elementary,
  title={Efficient implementation of elementary functions in the medium-precision range},
  author={F. Johansson},
  booktitle={22nd IEEE Symposium on Computer Arithmetic},
  series={ARITH22},
  doi={10.1109/ARITH.2015.16},
  pages={83--89},
  year={2015},
  location={Lyon, France},
}

@article{BrentJohansson2013bound,
  title={A bound for the error term in the {B}rent-{M}c{M}illan algorithm},
  author={R. P. Brent and F. Johansson},
  journal={Mathematics of Computation},
  volume={84},
  number={295},
  month={September},
  pages={2351--2359},
  year={2015},
}

@article{Johansson2015reversion,
  title={A fast algorithm for reversion of power series},
  author={F. Johansson},
  journal={Mathematics of Computation},
  volume={84},
  pages={475--484},
  year={2015},
  doi={10.1090/S0025-5718-2014-02857-3},
  url={http://dx.doi.org/10.1090/S0025-5718-2014-02857-3},
}

@phdthesis{Johansson2014thesis,
  title={Fast and rigorous computation of special functions to high precision},
  author={F. Johansson},
  school={RISC, Johannes Kepler University},
  year={2014},
  address={Linz},
  note={\url{http://fredrikj.net/thesis/}}
}

@inproceedings{Johansson2014rectangular,
  author = {F. Johansson},
  title = {Evaluating parametric holonomic sequences using rectangular splitting},
  booktitle = {Proceedings of the 39th International Symposium on Symbolic and Algebraic Computation},
  series = {ISSAC '14},
  year = {2014},
  pages = {256--263},
  publisher = {ACM},
  doi = {10.1145/2608628.2608629},
}

@article{JohanssonNakamura2014functional,
  author = {F. Johansson and B. Nakamura},
  title = {Using functional equations to enumerate 1324-avoiding permutations},
  journal = {Advances in Applied Mathematics},
  volume = {56},
  year = {2014},
  pages = {20--34},
  url = {http://dx.doi.org/10.1016/j.aam.2014.01.006},
  doi = {10.1016/j.aam.2014.01.006},
}

@article{Johansson2014hurwitz,
  title={Rigorous high-precision computation of the {H}urwitz zeta function and its derivatives},
  author={F. Johansson},
  journal={Numerical Algorithms},
  year={2015},
  month={June},
  volume={69},
  number={2},
  pages={253--270},
  doi={10.1007/s11075-014-9893-1},
}

@article{KauersJaroschekJohansson2013ore,
  title={{O}re polynomials in {S}age},
  author={M. Kauers and M. Jaroschek and F. Johansson},
  journal={arXiv:cs.SC},
  note={\url{http://arxiv.org/abs/1306.4263}},
  year={2013},
}

@article{Johansson2013arb,
  title={{A}rb: a {C} library for ball arithmetic},
  author={F. Johansson},
  journal={ACM Communications in Computer Algebra},
  volume={47},
  number={4},
  pages={166--169},
  year={2013},
  publisher={ACM},
  doi={10.1145/2576802.2576828},
}

@article{JohanssonKauersMezzarobba2013hyperexponential,
  author = {F. Johansson and M. Kauers and M. Mezzarobba},
  title = {Finding hyperexponential solutions of linear {ODE}s by numerical evaluation},
  journal = {Advances in Applied Mathematics},
  booktitle = {Proceedings of the 38th International Symposium on Symbolic and Algebraic Computation},
  series = {ISSAC '13},
  year = {2013},
  location = {Boston, USA},
  pages = {211--218},
  publisher = {ACM},
  address = {New York, NY, USA},
  url = {http://dx.doi.org/10.1145/2465506.2465513},
  doi = {10.1145/2465506.2465513},
}

@article{Johansson2012hrr,
  author = {F. Johansson},
  title = {Efficient implementation of the {H}ardy-{R}amanujan-{R}ademacher formula},
  journal = {LMS Journal of Computation and Mathematics},
  volume = {15},
  year = {2012},
  pages = {341--359},
  doi = {10.1112/S1461157012001088},
  url = {http://dx.doi.org/10.1112/S1461157012001088},
}

@book{Rademacher1973,
  author = {H. Rademacher},
  title = {Topics in analytic number theory},
  publisher = {Springer},
  year = {1973},
}

@phdthesis{dupont2006moyenne,
  title={Moyenne arithm{\'e}tico-g{\'e}om{\'e}trique, suites de {B}orchardt et applications},
  author={R. Dupont},
  school={{\'E}cole polytechnique, Palaiseau},
  year={2006}
}

@book{borwein1987pi,
  title={Pi and the {AGM}},
  author={J. M. Borwein and P. B. Borwein},
  volume={23},
  year={1987},
  publisher={Wiley, New York}
}

@incollection{hales2011revision,
  title={A revision of the proof of the {K}epler conjecture},
  author={T. C. Hales and J. Harrison and S. McLaughlin and T. Nipkow and S. Obua and R. Zumkeller},
  booktitle={The Kepler Conjecture},
  pages={341--376},
  year={2011},
  publisher={Springer}
}



@article{tucker2002rigorous,
  title={A rigorous {ODE} solver and {S}male's 14th problem},
  author={W. Tucker},
  journal={Foundations of Computational Mathematics},
  volume={2},
  number={1},
  pages={53--117},
  year={2002},
  publisher={Springer}
}


@article{revol2003interval,
  title={Interval Newton iteration in multiple precision for the univariate case},
  author={N. Revol},
  journal={Numerical Algorithms},
  volume={34},
  number={2-4},
  pages={417--426},
  year={2003},
  publisher={Springer}
}

@article{cremona2013complex,
  title={The complex {AGM}, periods of elliptic curves over {C} and complex elliptic logarithms},
  author={J. E. Cremona and T. Thongjunthug},
  journal={Journal of Number Theory},
  volume={133},
  number={8},
  pages={2813--2841},
  year={2013},
  publisher={Elsevier}
}

@article{fillebrown1992faster,
  title={Faster computation of {B}ernoulli numbers},
  author={S. Fillebrown},
  journal={Journal of Algorithms},
  volume={13},
  number={3},
  pages={431--445},
  year={1992},
  publisher={Elsevier}
}

@incollection{brent2013fast,
  title={Fast computation of {B}ernoulli, Tangent and Secant numbers},
  author={R. P. Brent and D. Harvey},
  booktitle={Computational and Analytical Mathematics},
  pages={127--142},
  year={2013},
  publisher={Springer}
}

@misc{bloemen,
  author={R. Bloemen},
  year={2009},
  title={Even faster $\zeta(2n)$ calculation!},
  howpublished={\url{https://web.archive.org/web/20141101133659/http://xn--2-umb.com/09/11/even-faster-zeta-calculation}}
}

@incollection{kramer2012arbitrary,
  title={Arbitrary precision complex interval computations in {C}-{XSC}},
  author={W. Kr{\"a}mer and F. Blomquist},
  booktitle={Parallel Processing and Applied Mathematics},
  pages={457--466},
  year={2012},
  publisher={Springer}
}

@misc{beliakov2014,
  title={Zeros of {D}irichlet {L}-functions on the critical line with the accuracy of 40000 decimal places},
  author={G. Beliakov and Y. Matiyasevich},
  year={2014},
  howpublished={\url{http://dx.doi.org/10.4225/16/5382D9A62073E}},
}

@article{beliakov2015approximation,
  title={Approximation of {R}iemann's zeta function by Finite {D}irichlet Series: A Multiprecision Numerical Approach},
  author={G. Beliakov and Y. Matiyasevich},
  journal={Experimental Mathematics},
  volume={24},
  number={2},
  pages={150--161},
  year={2015},
  publisher={Taylor \& Francis}
}

@misc{oeismaple,
  author={N. J. A. Sloane},
  title={{OEIS A110375}},
  howpublished = {\url{http://oeis.org/A110375}},
  year=2008,
}

@article{espinosa2004generalized,
  title={A generalized polygamma function},
  author={O. Espinosa and V. H. Moll},
  journal={Integral Transforms and Special Functions},
  volume={15},
  number={2},
  pages={101--115},
  year={2004},
  publisher={Taylor \& Francis}
}

@inproceedings{yamamoto2005,
  title={Validated Computation of {B}essel functions},
  author={N. Yamamoto and N. Matsuda},
  booktitle={2005 International Symposium on Nonlinear Theory and its Applications (NOLTA2005)},
  note={\url{http://www.ieice.org/proceedings/NOLTA2005/HTMLS/paper/715A.pdf}}
}

@incollection{Ru99a,
   author = {S. M. Rump},
   title = {{INTLAB - INTerval LABoratory}},
   editor = {Tibor Csendes},
   booktitle = {{Developments~in~Reliable Computing}},
   publisher = {Kluwer Academic Publishers},
   address = {Dordrecht},
   pages = {77--104},
   year = {1999},
   note = {\url{http://www.ti3.tuhh.de/rump/}}
}

@article{van2001fast,
  title={Fast evaluation of holonomic functions near and in regular singularities},
  author={J. van der Hoeven},
  journal={Journal of Symbolic Computation},
  volume={31},
  number={6},
  pages={717--743},
  year={2001},
  publisher={Elsevier}
}

@article{bailey2006integrals,
  title={Integrals of the {I}sing class},
  author={D. H. Bailey and J. M. Borwein and R. E. Crandall},
  journal={Journal of Physics A: Mathematical and General},
  volume={39},
  number={40},
  pages={12271--12302},
  year={2006},
  publisher={IOP Publishing},
  doi={10.1088/0305-4470/39/40/001},
}

@article{Booker2006,
author = {A. R. Booker and A. Str\"{o}mbergsson and A. Venkatesh}, 
title = {Effective computation of {M}aass cusp forms},
year = {2006}, 
journal = {International Mathematics Research Notices} 
}

@book{wolfram1991mathematica,
  title={Mathematica: a system for doing mathematics by computer},
  author={S. Wolfram},
  year={1991},
  publisher={Addison Wesley Longman Publishing Co., Inc.}
}


@book{Maple10,
    author = {M. B. Monagan and K. O. Geddes and K. M. Heal and G. Labahn and S. M. Vorkoetter and J. McCarron and P. DeMarco},
    title = {Maple~10 Programming Guide},
    publisher = {Maplesoft},
    year = {2005},
    address = {Waterloo ON, Canada},
}


@ARTICLE{6529388,
author={T. P. Stefa\'{n}ski},
journal={IEEE Antennas and Propagation Magazine},
title={Electromagnetic Problems Requiring High-Precision Computations},
year={2013},
volume={55},
number={2},
pages={344--353},
doi={10.1109/MAP.2013.6529388},
ISSN={1045-9243},
month={April},}

@article{pearson2014numerical,
  title={Numerical methods for the computation of the confluent and {G}auss hypergeometric functions},
  author={J. W. Pearson and S. Olver and M. A. Porter},
  journal={arXiv:1407.7786, \url{http://arxiv.org/abs/1407.7786}},
  year={2014}
}

@mastersthesis{pearson2009computation,
  title={Computation of hypergeometric functions},
  author={J. Pearson},
  year={2009},
  school={University of Oxford}
}

@article{willis2012acceleration,
  title={Acceleration of generalized hypergeometric functions through precise remainder asymptotics},
  author={J. L. Willis},
  journal={Numerical Algorithms},
  volume={59},
  number={3},
  pages={447--485},
  year={2012},
  publisher={Springer}
}

@misc{bellard2020,
  title={LibBF Library},
  author={Fabrice Bellard},
  year={2020},
  note={\url{https://bellard.org/libbf/}}
}

@article{skorokhodov2005method,
  title={A method for computing the generalized hypergeometric function {${}_pF_{p-1}(a_1,\dots,a_p;b_1,\dots,b_{p-1};1)$} in terms of the {R}iemann zeta function},
  author={S. L. Skorokhodov},
  journal={Computational Mathematics and Mathematical Physics},
  volume={45},
  number={4},
  pages={574--586},
  year={2005},
  publisher={Russian Academy of Sciences, Branch of Mathematical Sciences}
}

@article{bogolubsky2006fast,
  title={Fast evaluation of the hypergeometric function {${}_pF_{p-1}(a;b;z)$} at the singular point $z = 1$ by means of the {H}urwitz zeta function $\zeta(\alpha, s)$},
  author={A. I. Bogolubsky and S. L. Skorokhodov},
  journal={Programming and Computer Software},
  volume={32},
  number={3},
  pages={145--153},
  year={2006},
  publisher={Springer}
}

@article{Kodama2011,
 author = {M. Kodama},
 title = {Algorithm 912: A Module for Calculating Cylindrical Functions of Complex Order and Complex Argument},
 journal = {ACM Transactions on Mathematical Software},
 volume = {37},
 number = {4},
 month = feb,
 year = {2011},
 pages = {1--25},
 publisher = {ACM},
 address = {New York, NY},
} 

@article{michel2008fast,
  title={Fast computation of the {G}auss hypergeometric function with all its parameters complex with application to the {P}{\"o}schl--{T}eller--{G}inocchio potential wave functions},
  author={N. Michel and M. V. Stoitsov},
  journal={Computer Physics Communications},
  volume={178},
  number={7},
  pages={535--551},
  year={2008},
  publisher={Elsevier}
}

@inproceedings{Haible1998,
    author="B. Haible and T. Papanikolaou",
    editor="J. P. Buhler",
    title="Fast multiprecision evaluation of series of rational numbers",
    booktitle="Algorithmic Number Theory: Third International Symposium, ANTS-III",
    year="1998",
    publisher="Springer",
    pages="338--350",
    doi="10.1007/BFb0054873",
}

@article{colman2011validated,
  title={Validated computation of certain hypergeometric functions},
  author={M. Colman and A. Cuyt and J. Van Deun},
  journal={ACM Transactions on Mathematical Software},
  volume={38},
  number={2},
  year={2011},
  publisher={ACM}
}

@Misc{scipy,
  author = {E. Jones and T. Oliphant and P. Peterson and others},
  title = {{SciPy}: Open source scientific tools for {Python}},
  year = {2001--},
  howpublished = {\url{http://www.scipy.org/}}
}

@misc{NIST:DLMF,
         key = "{\relax DLMF}",
       title = "{Digital Library of Mathematical Functions}",
      author = {NIST},
howpublished = "\url{http://dlmf.nist.gov/}, Release 1.0.11 of 2016-06-08",
        year = {2016},
         url = "http://dlmf.nist.gov/",
        note = "Online companion to \cite{Olver:2010:NHMF}"}

@book{Olver:2010:NHMF,
      author = {F. W. J. Olver and D. W. Lozier and R. F. Boisvert and C. W. Clark},
       title = "{NIST Handbook of Mathematical Functions}",
   publisher = "Cambridge University Press",
     address = "New York",
        year = "2010",
}
        %note = "Print companion to \cite{NIST:DLMF}"

@misc{Mezzarobba2016,
    author="M. Mezzarobba",
    title="Rigorous Multiple-Precision Evaluation of {D}-Finite Functions in {SageMath}",
    howpublished={\url{https://arxiv.org/abs/1607.01967}},
    year={2016},
}

@article{Johansson2019hypergeometric,
  doi = {10.1145/3328732},
  url = {https://doi.org/10.1145/3328732},
  year = {2019},
  month = aug,
  publisher = {Association for Computing Machinery ({ACM})},
  volume = {45},
  number = {3},
  pages = {1--26},
  author = {Fredrik Johansson},
  title = {Computing Hypergeometric Functions Rigorously},
  journal = {{ACM} Transactions on Mathematical Software}
}

@inproceedings{chevillard2013multiple,
  title={Multiple-precision evaluation of the {A}iry {A}i function with reduced cancellation},
  author={S. Chevillard and M. Mezzarobba},
  booktitle={21st IEEE Symposium on Computer Arithmetic},
  series={ARITH21},
  pages={175--182},
  year={2013},
  doi={10.1109/ARITH.2013.33},
}
	
@article{bucur2016li,
  title={On a {L}i-type criterion for zero-free regions of certain {D}irichlet series with real coefficients},
  author={A. Bucur and A. M. Ernvall-Hyt{\"o}nen and A. Od{\v{z}}ak and L. Smajlovi{\'c}},
  journal={LMS Journal of Computation and Mathematics},
  volume={19},
  number={1},
  pages={259--280},
  year={2016},
  publisher={London Mathematical Society}
}

@article{enge2009complexity,
  title={The complexity of class polynomial computation via floating point approximations},
  author={A. Enge},
  journal={Mathematics of Computation},
  volume={78},
  number={266},
  pages={1089--1107},
  year={2009}
}
	
@article{makino2003taylor,
  title={Taylor models and other validated functional inclusion methods},
  author={K. Makino and M. Berz},
  journal={International Journal of Pure and Applied Mathematics},
  volume={4},
  number={4},
  pages={379--456},
  year={2003},
}
	
@inproceedings{muller2016new,
  title={A new multiplication algorithm for extended precision using floating-point expansions},
  author={J. M. Muller and V. Popescu and P. T. P. Tang},
  booktitle={Computer Arithmetic (ARITH), 2016 IEEE 23nd Symposium on},
  pages={39--46},
  year={2016},
  organization={IEEE}
}

@inproceedings{van2015faster,
  title={Faster {FFT}s in medium precision},
  author={J. van der Hoeven and G. Lecerf},
  booktitle={Computer Arithmetic (ARITH), 2015 IEEE 22nd Symposium on},
  pages={75--82},
  year={2015},
  organization={IEEE}
}

@inproceedings{van2016evaluating,
  title={Evaluating straight-line programs over balls},
  author={J. van der Hoeven and G. Lecerf},
  booktitle={Computer Arithmetic (ARITH), 2016 IEEE 23nd Symposium on},
  pages={142--149},
  year={2016},
  organization={IEEE}
}

@inproceedings{lecerf2010mathemagix,
  title={Mathemagix: towards large scale programming for symbolic and certified numeric computations},
  author={G. Lecerf},
  booktitle={International Congress on Mathematical Software},
  pages={329--332},
  year={2010},
  organization={Springer}
}

@Book{MullerEtAl2018,
  title        = {Handbook of Floating-Point Arithmetic},
  edition = {2nd},
  author    = {Muller, Jean-Michel and Brunie, Nicolas and de Dinechin, Florent and Jeannerod, Claude-Pierre and Joldes, Mioara and
          Lef{\`e}vre, Vincent and Melquiond, Guillaume and Revol,
          Nathalie and  Torres, Serge},
  publisher    = {{B}irkh\"auser {B}oston },
  pages    = {632},
  year        = {2018},
}

@article{waldschmidt2006transcendence,
  title={Transcendence of periods: the state of the art},
  author={Waldschmidt, Michel},
  journal={Pure and Applied Mathematics Quarterly},
  volume={2},
  number={2},
  pages={435--463},
  year={2006},
  publisher={International Press of Boston}
}

@inproceedings{kupriianova2014metalibm,
  title={Metalibm: A mathematical functions code generator},
  author={Kupriianova, Olga and Lauter, Christoph},
  booktitle={International Congress on Mathematical Software},
  pages={713--717},
  year={2014},
  organization={Springer}
}

@inproceedings{lauter2015semi,
  title={Semi-automatic floating-point implementation of special functions},
  author={Lauter, Christoph and Mezzarobba, Marc},
  booktitle={2015 IEEE 22nd Symposium on Computer Arithmetic},
  pages={58--65},
  year={2015},
  organization={IEEE}
}


